2352 3926
0 550 4 561 r

0 727 10 738 5.

531 202 811 252 QuAnsrro
851 203 1078 245 Lxxxm.
1117 203 1427 247 naucerus
1466 203 1544 245 ιιι.
1914 190 2016 262 763

9 337 18 366 3.
52 316 156 357 ftem
180 320 322 368 opera
350 320 447 354 non
471 307 638 353 debent
656 307 902 363 admitti2n3
925 317 975 353 et
997 306 1169 353 ibidem
1195 307 1309 368 (cap.
1331 307 1422 367 39.)
1443 307 1633 367 legitur:
1663 322 1687 349 α
1704 306 1875 358 Altaris
1887 306 2023 366 palla,

53 374 292 429 cathedra,
317 373 658 430 candelabrum,
689 385 735 420 et
764 374 935 430 velum,
968 375 1006 421 si
1033 374 1201 422 fuerint
1235 384 1460 420 vetustate
1495 383 1784 435 consumpta,
1807 374 2023 421 incendio

0 443 10 512 ξ.
48 441 245 501 ,denuit-t
272 442 447 489 cineres
468 456 656 502 'quoque
683 456 845 488 eorum
870 443 916 487 in
942 442 1257 502 baptisterium
1276 442 1544 496 inferantur,
1567 452 1644 487 aut
1664 442 1711 488 in
1736 441 1925 502 pariete,
1947 450 2026 487 aut

0 514 10 539 [²

59 507 262 557 infossis
286 509 657 570 pavimentorum
682 510 918 567 jactentur,
940 524 998 554 ne
1023 510 1352 555 introeuntium
1379 510 1568 569 pedibus
1594 509 1946 569 inquinentur».

147 576 226 626 AD
259 589 498 631 QUARTUM
524 577 786 631 dicendum,
811 577 934 636 quod
960 577 1066 636 quia
1093 577 1378 623 consecratio
1405 576 1559 622 altaris
1584 586 1894 636 repraesentat
1919 590 2024 623 san·

0 666 11 691 ,ὲ
60 642 266 690 etitatem
293 643 479 697 Christi,
506 645 795 689 consecratio
821 657 932 688 vero
958 644 1124 688 domus
1150 644 1440 689 sanctitatem
1472 644 1611 690 totius
1643 643 1892 698 Ecclesiae,
1917 642 2024 690 ideo

60 711 404 756 convenientius
426 710 642 756 recolitur
669 725 775 755 cum
795 711 1050 765 sanctitate,
1078 720 1122 755 et
1147 711 1438 757 solemnitate
1472 712 1758 757 consecratio
1785 711 2025 766 ecclesiae,

60 772 139 823 vel*
160 777 328 832 altaris,
346 792 483 838 quam
503 777 713 832 aliorum,
731 791 847 837 quae
865 788 1203 823 consecrantur.
1226 779 1419 838 Propter
1436 779 1558 838 quod
1581 780 1719 824 etiam
1738 790 1844 826 octo
1868 779 2026 824 diebus

0 856 2 858 ’
52 844 330 897 ,εοῙεπωὶῑειε
375 845 674 890 dedicationis
721 845 884 904 agitur,
926 845 982 888 ad
1024 844 1373 904 significandam
1418 847 1600 891 beatam
1639 847 2022 891 resurrectionem

58 912 252 967 Christi,
279 923 325 957 et
355 912 668 957 membrorum
700 910 960 966 Ecclesiae;
985 926 1070 957 nec
1103 922 1171 956 est
1196 926 1311 971 opus
1337 912 1480 957 solius
1506 914 1708 958 hominis
1736 914 2022 976 consecratio
2082 921 2109 958 .·

61 979 300 1040 ecclesiae,
336 990 382 1027 et
407 980 574 1034 altaris,
600 994 708 1026 cum
743 980 910 1025 habeat
942 979 1225 1039 spiritualem
1258 980 1499 1036 virtutem;
1536 982 1656 1026 unde
1697 982 1768 1028 De
1796 981 2019 1029 Consecr.

0 1068 5 1074 ·
61 1048 196 1107 (Dist.
222 1047 379 1102 callem,
405 1055 498 1107 cap.
525 1047 616 1105 16.)
642 1046 828 1092 dicitur:
849 1064 872 1089 «
892 1046 1220 1093 Solemnitates
1246 1047 1587 1093 dedicationum
1615 1048 1915 1093 ecclesiarum
1942 1062 2023 1108 per

60 1115 268 1176 singulos
290 1129 435 1160 annos
456 1113 724 1159 solemniter
749 1124 854 1159 sunt
879 1113 1178 1160 celebrandae
1204 1132 1246 1159 ».
1282 1115 1423 1168 Quod
1450 1125 1604 1160 autem
1631 1126 1739 1161 octo
1772 1116 1929 1161 diebus
1951 1129 2026 1161 en-

60 1183 223 1238 caenia
244 1182 336 1230 sint
359 1181 645 1238 celebranda,
674 1181 723 1227 in
749 1181 874 1227 libris
896 1181 1078 1242 Regum
1103 1181 1306 1243 perfecta
1330 1182 1618 1228 dedicatione
1640 1183 1801 1243 templi
1826 1183 2024 1242 reperies

61 1250 119 1312 (3⁶
146 1249 479 1369 {iffi-&iurum
500 1315 760 1372 dicendum,
784 1316 922 1376 quod,
939 1316 1058 1361 sicut
1072 1315 1238 1376 legitur
1258 1317 1330 1362 De
1348 1316 1570 1363 Consecr.
1593 1317 1730 1376 (Dist.
1756 1333 1793 1364 r.
1819 1325 1910 1378 cap.
1923 1317 2022 1377 μ),

52 1385 294 1443 μαλακία,
332 1385 493 1432 sinon
522 1384 690 1430 fuerint
719 1384 914 1444 lapidea,
952 1385 1211 1431 chrismatis
1244 1386 1463 1431 unctione
1494 1399 1590 1431 non
1627 1395 1953 1433 consecrentur
1984 1402 2026 1430 ».

65 1452 209 1509 Quod
233 1452 421 1513 quidem
443 1452 666 1512 competit
677 1451 1006 1510 significationi
1021 1452 1156 1511 huius
1172 1453 1463 1507 sacramenti,
1487 1462 1583 1499 tam
1605 1453 1712 1513 quia
1734 1453 1875 1500 altare
1892 1453 2029 1512 signi-

57 1521 172 1570 ficat
188 1521 457 1569 Christum:
485 1520 648 1570 dicitur
673 1530 828 1565 autem
850 1533 885 1566 1.
901 1521 1114 1569 Corinth.
1145 1533 1233 1566 10.:
1261 1521 1385 1567 Petra
1411 1527 1547 1567 autem
1570 1527 1662 1567 orat
1689 1521 1906 1576 Christus,·
1928 1531 2027 1566 tum

65 1588 204 1634 etiam
230 1587 339 1649 quia
378 1601 544 1647 corpus
571 1586 746 1635 Christi
769 1587 817 1632 in
851 1587 1098 1647 sepulchro
1134 1587 1317 1648 lapideo
1351 1587 1435 1633 fuit
1455 1589 1757 1635 reconditum.
1791 1588 2028 1648 Competit

52 1656 201 1704 >etiam
225 1654 379 1716 quoad
404 1669 540 1703 usum
565 1655 842 1701 sacramenti
863 1671 875 1711 ;
901 1655 1016 1715 lapis
1041 1658 1167 1701 enim
1192 1666 1236 1701 et
1262 1655 1435 1702 solidus
1467 1666 1549 1712 est,
1574 1666 1619 1702 et
1643 1657 1700 1702 de
1725 1656 1849 1702 facili
1874 1666 2026 1715 potest

62 1723 258 1772 inveniri
280 1723 472 1786 uhi-que:
499 1722 623 1781 quod
644 1736 739 1768 non
762 1732 859 1767 erat
881 1724 1194 1769 necessarium
1218 1724 1266 1768 in
1292 1725 1432 1771 veteri
1457 1723 1574 1783 lege,
1601 1724 1678 1769 ubi
1701 1723 1840 1771 fiebat
1863 1725 1911 1770 in
1933 1738 2026 1772 uno

63 1791 172 1842 loco
199 1791 356 1838 altare.
385 1789 527 1844 Quod
554 1800 707 1835 autem
733 1791 976 1837 mandatur
1001 1791 1141 1836 altare
1166 1791 1265 1837 fieri
1280 1791 1336 1837 de
1362 1801 1495 1848 terra,
1512 1791 1586 1836 vel
1603 1792 1658 1837 de
1674 1790 1899 1853 lapidibus
1912 1792 2029 1839 inse·

57 1861 166 1915 ctis,
189 1858 275 1907 {uit
299 1858 356 1903 ad
382 1857 692 1903 idololatriam
718 1858 1064 1903 removendam.

152 1927 230 1976 AD
265 1938 459 1974 SEXTUM
486 1925 748 1980 dicendum,
773 1925 913 1985 quod,
938 1926 1056 1971 sicut
1085 1926 1133 1971 in
1158 1926 1273 1971 Dist.
1308 1926 1470 1972 eadem
1503 1926 1667 1972 dicitur
1699 1926 1839 1987 (casn.⁸
1880 1927 2025 1986 Vasa),

55 2011 93 2042 -«
118 1993 355 2054 quomdam
379 1993 641 2040 sacerdotes
666 2007 759 2037 non
787 1993 948 2048 aureis,
966 1993 1045 2040 sed
1062 1993 1225 2052 ligneis
1249 1994 1466 2039 calicibus
1488 1995 1742 2040 utebantur.
1758 1995 2027 2055 Zephirinus

53 2072 214 2109 ,autem
231 2060 540 2122 papa‘patenis
557 2060 708 2106 vitreis
722 2060 911 2106 missam
927 2060 1146 2106 celebrari
1168 2062 1423 2117 constituit3
1442 2062 1604 2107 deinde
1629 2063 1841 2108 Urbanus
1867 2063 2027 2106 omnia

13 2147 20 2150 ·
64 2129 174 2174 fecit
199 2138 415 2187 argentea
440 2145 482 2171 ».
516 2127 820 2172 Postmodum
854 2138 1008 2174 autem
1043 2138 1261 2173 statutum
1292 2139 1360 2174 est
1393 2131 1503 2190 (cap.
1535 2144 1599 2189 45.
1632 2131 1745 2175 Dist.
1778 2130 1907 2187 aad),
1939 2139 2030 2174 «ut

64 2195 183 2243 calix
210 2195 404 2242 Domini
429 2209 537 2240 cum
554 2204 739 2254 patena,
766 2194 861 2240 sive
886 2209 940 2240 ex
956 2209 1071 2240 auro
1089 2196 1297 2251 omnino,
1319 2196 1413 2241 sive
1436 2211 1489 2241 ex
1517 2207 1706 2256 argento
1732 2197 1825 2251 fiat,
1850 2196 1924 2241 vel
1946 2197 2030 2241 sal-

61 2273 158 2311 tem
183 2272 402 2309 stanneus
427 2261 549 2310 calix
577 2262 819 2307 habeatur:
848 2263 904 2308 de
938 2277 1057 2318 aere,
1085 2273 1162 2308 aut
1188 2278 1243 2308 ex
1283 2264 1546 2309 aurichalco
1580 2279 1673 2309 non
1707 2264 1799 2318 fiat,
1832 2264 1938 2324 quia
1969 2265 2028 2308 ob

63 2331 159 2375 vini
182 2330 398 2377 virtutem
419 2329 686 2389 aeruginem
712 2329 842 2389 parit,
868 2330 1125 2389 pariterque
1151 2332 1379 2375 vomitum
1411 2342 1648 2391 provocat.
1684 2331 1848 2376 Nullus
1875 2341 2029 2376 autem

61 2398 110 2445 in
133 2397 306 2458 ligneo,
330 2411 414 2443 seu
438 2398 584 2443 vitreo
614 2396 754 2442 calice
771 2407 1032 2456 praesumat
1048 2397 1238 2443 missam
1256 2409 1438 2444 cantare
1456 2414 1507 2454 »3
1533 2399 1638 2458 quia
1657 2398 1831 2444 scilicet
1851 2398 2029 2458 lignum

52 2479 282 2527 *porosum
309 2475 392 2521 est,
416 2475 462 2511 et
487 2464 675 2524 sanguis
699 2475 995 2510 consecratus
1020 2465 1066 2509 in
1093 2479 1149 2509 eo
1176 2475 1456 2512 remaneret:
1485 2466 1652 2510 vitrum
1680 2476 1835 2513 autem
1863 2465 2026 2524 fragile

56 2528 146 2587 est,
171 2543 217 2579 et
241 2542 396 2593 posset
419 2528 670 2578 fractionis
687 2531 943 2591 periculum
969 2533 1238 2588 imminere3
1265 2543 1309 2578 et
1335 2534 1500 2579 eadem
1526 2535 1643 2580 ratio
1671 2544 1739 2579 est
1766 2535 1820 2578 de
1846 2533 2025 2593 lapide:

0 2630 1 2635 =
55 2610 111 2648 et
132 2601 240 2647 ideo
260 2613 447 2660 propter
469 2599 774 2647 reverentiam
799 2601 1075 2646 sacramenti
1099 2610 1319 2646 statutum
1345 2611 1429 2656 est,
1455 2611 1504 2647 ut
1529 2616 1584 2647 ex
1616 2601 1858 2662 praedictis
1889 2611 2029 2646 mate·

60 2667 142 2718 riis
169 2666 288 2713 calix
313 2666 405 2712 fiat.

154 2735 231 2781 An
253 2746 497 2782 smmum
522 2733 783 2789 dicendum,
809 2735 932 2795 quod
959 2735 1038 2780 ubi
1061 2736 1210 2794 potuit
1235 2738 1332 2781 sine
1354 2736 1559 2796 periculo
1575 2736 1687 2790 fieri,
1713 2734 1922 2781 Ecclesia
1943 2745 2028 2780 sta-

55 2802 151 2858 tuit
174 2801 296 2847 circa
321 2801 413 2846 hoc
439 2811 779 2846 sacramentum
794 2802 855 2856 id,
881 2803 1004 2862 quod
1021 2804 1277 2862 expressius
1292 2814 1598 2864 repraesentat
1620 2805 1880 2862 passionem
1899 2803 2029 2848 Chri·

65 2869 147 2916 sti:
170 2883 268 2916 non
295 2878 392 2913 erat
416 2878 570 2914 autem
595 2878 774 2913 tantum
797 2869 1050 2927 periculum
1077 2872 1199 2916 circa
1227 2886 1407 2930 corpus,
1435 2871 1557 2931 quod
1582 2873 1764 2929 ponitur
1795 2870 1841 2914 in
1869 2885 2031 2929 corpo-

0 2943 4 2957 ’'
65 2936 163 2990 rali,
189 2936 306 2981 sicut
331 2936 450 2981 circa
477 2935 763 2994 sanguinem,
791 2937 869 2996 qui
895 2938 1154 2983 continetur
1178 2939 1223 2983 in
1252 2939 1421 2992 calice;
1446 2948 1490 2982 et
1522 2939 1624 2982 ideo
1651 2937 1758 2981 licet
1784 2937 1900 2981 calix
1931 2951 2026 2981 non

65 3004 144 3051 fiat
166 3005 224 3053 de
259 3013 400 3064 petra,
426 3003 663 3063 corporale
693 3013 851 3049 tamen
878 3004 927 3049 fit
960 3005 1015 3049 de
1050 3020 1203 3065 panno
1242 3006 1378 3059 line0,
1411 3020 1502 3064 quo
1537 3018 1701 3064 corpus
1741 3004 1912 3049 Christi
1943 3004 2027 3048 fuit

64 3070 324 3117 involutum
332 3086 346 3127 3
372 3070 492 3116 unde
516 3071 564 3115 in
584 3070 779 3129 epistola
801 3070 1007 3117 Silvestri
1032 3087 1175 3133 papae
1201 3074 1247 3117 in
1275 3074 1436 3117 eadem
1459 3071 1763 3116 Distinctione
1786 3072 1902 3131 (cap.
1927 3071 2027 3128 46.)

65 3138 258 3198 legitur:
289 3154 312 3180 «
339 3137 565 3184 Consulto
597 3138 807 3183 omnium
839 3140 1094 3194 statuimus,
1127 3151 1175 3184 ut
1201 3140 1472 3184 sacrificium
1502 3139 1652 3183 altaris
1685 3152 1779 3183 non
1804 3139 1852 3182 in
1878 3138 2026 3182 serico

65 3220 234 3268 panno,
252 3216 330 3251 aut
353 3206 542 3251 intincto
560 3207 800 3265 quisquam
823 3206 1053 3252 celebrare
1077 3208 1151 3265 [al.
1177 3207 1384 3263 missam]
1407 3215 1681 3265 praesumat,
1699 3206 1777 3250 sed
1803 3205 1850 3249 in
1872 3219 2026 3264 panno

65 3272 190 3320 lineo
217 3273 271 3318 ab
289 3273 506 3333 episcopo
530 3285 821 3328 consecrat03
839 3274 955 3318 sicut
972 3289 1137 3333 corpus
1162 3274 1334 3319 Christi
1359 3275 1404 3317 in
1422 3274 1615 3318 sindone
1631 3272 1766 3326 linea,
1791 3283 1834 3317 et
1856 3273 2025 3317 munda

66 3340 296 3401 sepultum
320 3339 404 3385 fuit
425 3357 466 3384 >›.
493 3340 729 3399 Competit
755 3341 894 3385 etiam
921 3356 1096 3400 pannus
1119 3342 1264 3385 lineus
1287 3350 1471 3399 propter
1496 3341 1564 3383 sui
1583 3340 1872 3392 munditiam,
1895 3339 1950 3384 ad
1974 3340 2029 3384 si-

68 3407 376 3469 gnificandam
403 3408 712 3453 conscientiae
744 3409 1002 3467 puritatem,
1043 3419 1088 3453 et
1127 3418 1310 3468 propter
1341 3406 1642 3466 multiplicem
1683 3406 1903 3460 laborem,
1936 3421 2026 3466 quo

2 3503 4 3505 >
66 3474 169 3522 talis
194 3488 369 3535 pannus
396 3485 703 3534 praeparatur,
731 3475 787 3519 ad
814 3475 1161 3534 significandam
1190 3475 1362 3520 Christi
1388 3474 1662 3532 passionem.

157 3542 235 3587 AD
275 3554 514 3587 oen-vum
550 3541 810 3595 dicendum,
849 3543 973 3600 quod
1000 3542 1277 3601 dispensatio
1318 3550 1712 3586 sacramentorum
1743 3541 1938 3601 pertinet
1967 3542 2025 3587 ad

70 3608 301 3654 ministros
326 3606 585 3662 Ecclesiae;
611 3608 691 3653 sed
724 3610 1010 3655 consecratio
1036 3623 1197 3655 eorum
1216 3618 1287 3653 est
1327 3608 1381 3653 ab
1414 3609 1513 3667 ipso
1539 3608 1664 3655 Deo:
1698 3617 1743 3654 et
1765 3608 1873 3656 ideo
1896 3610 2025 3655 mini-
