2352 3926
0 1260 14 1424 ξ

0 1482 8 1512 ι

0 1538 14 1596 i

606 253 887 302 QUAESTIO
927 253 1095 293 van.
1134 251 1443 293 ARTICULUS
1480 251 1553 291 VI.
1955 251 2060 305 577

95 358 217 406 milis
243 368 311 404 est
333 357 526 411 formae,
553 370 642 417 qua
667 369 753 402 nos
779 356 963 411 utimur,
999 370 1138 416 quam
1165 356 1204 401 si
1229 355 1427 401 dicatur:
1458 370 1482 397 (ι
1507 354 1607 399 Nos
1633 364 1678 399 te
1702 353 1986 413 baptizamus
2011 369 2063 398 »ε

94 426 175 473 sed
200 424 583 471 considerandum
610 433 691 477 est,
718 423 840 483 quod
867 438 922 469 ex
947 423 1028 468 tali
1048 423 1220 469 forma:
1242 438 1266 464 «
1281 423 1381 467 Nos
1396 432 1441 467 te
1456 422 1778 482 baptizamus»
1799 420 2065 479 exprimitur

92 492 196 540 talis
217 493 424 547 intentio,
442 492 564 551 quod
581 490 732 551 plures
750 491 1024 536 conveniant
1044 490 1098 534 ad
1118 504 1260 534 unum
1279 490 1554 550 baptismum
1573 488 1916 543 conferendum,
1939 487 2062 547 quod

94 560 279 621 quidem
304 560 480 604 videtur
506 572 604 603 esse
631 568 790 602 contra
815 558 1043 602 rationem
1076 557 1336 602 ministerii:
1363 558 1508 601 horno
1551 557 1673 601 enim
1715 569 1810 600 non
1852 556 2062 615 baptizat,

32 639 40 644 '
93 629 181 674 nisi
205 636 255 672 ut
280 626 485 672 minister
512 625 698 680 Christi,
726 635 770 669 et
793 624 944 668 vicem
971 625 1067 682 ejus
1094 637 1255 681 gerens
1277 639 1287 678 ;
1315 624 1434 668 unde
1461 624 1579 668 sicut
1606 637 1721 667 unus
1747 632 1815 667 est
1837 622 2063 675 Christus,

93 697 156 740 ita
182 703 365 754 oportet
391 706 490 738 esse
518 706 660 735 unum
687 691 961 744 ministrum,
988 691 1065 749 qui
1093 690 1331 734 Christum
1356 700 1676 750 repraesentet.
1713 690 1905 750 Propter
1940 689 2063 749 quod

94 762 327 822 signanter
351 758 604 819 Apostolus
630 758 740 802 dicit
765 758 929 817 Ephes.
955 769 1023 812 4.:
1059 757 1175 801 Unus
1200 758 1424 811 Dominus,
1454 757 1666 817 unafides,
1690 772 1821 801 unum
1844 758 2065 817 baptisma.

94 828 151 873 Et
194 828 299 872 ideo
344 826 571 871 contraria
617 825 807 869 intentio
853 824 1030 868 videtur
1073 823 1312 868 excludere
1361 824 1575 882 baptismi
1615 833 1969 868 sacramentum.
2012 822 2063 867 Si

92 908 203 939 vero
229 904 418 953 uterque
444 893 636 937 diceret:
668 907 691 933 (ε
718 891 816 950 Ego
843 901 887 935 te
913 891 1093 950 baptizo
1119 891 1166 934 in
1191 891 1380 934 nomine
1406 891 1568 944 Patris,
1596 901 1641 935 et
1661 889 1777 946 Filii,
1801 901 1844 935 et
1867 890 2060 950 Spiritus

93 961 252 1006 Sancti
277 977 320 1015 »,
346 970 536 1019 uterque
562 959 834 1018 exprimeret
864 972 996 1002 suam
1035 957 1354 1012 intentionem,
1391 958 1520 1016 quasi
1545 958 1642 1017 ipse
1668 958 1956 1017 singulariter
1990 957 2066 1002 ba-

94 1028 315 1088 ptismum
341 1026 586 1072 conferret:
615 1026 737 1085 quod
763 1036 918 1085 posset
958 1025 1222 1083 contingere
1254 1025 1301 1068 in
1328 1039 1383 1069 eo
1413 1039 1534 1080 casu,
1562 1027 1608 1069 in
1639 1039 1730 1084 quo
1774 1025 2059 1070 contentiose

94 1106 284 1155 uterque
312 1095 512 1154 aliquem
537 1093 764 1152 baptizare
792 1101 1057 1138 conaretur:
1085 1102 1130 1136 et
1153 1101 1262 1136 tunc
1302 1091 1597 1136 manifestum
1625 1101 1705 1146 est,
1733 1092 1855 1151 quod
1880 1092 1958 1136 ille
1985 1092 2062 1151 qui

90 1164 216 1224 >prius
240 1162 378 1208 verba
402 1161 637 1221 proferret,
664 1160 791 1204 daret
812 1160 1027 1219 baptismi
1048 1169 1408 1204 sacramentum:
1434 1159 1548 1204 alius
1569 1173 1695 1213 vero,
1719 1169 2069 1218 quantumcum-

94 1243 183 1290 que
205 1231 277 1290 jus
302 1228 558 1289 baptizandi
582 1227 784 1281 haberet,
809 1227 924 1271 nihil
949 1226 1141 1271 faceret:
1161 1237 1205 1270 et
1220 1228 1257 1271 si
1274 1227 1412 1271 verba
1428 1226 1723 1285 pronuntiare
1739 1235 2065 1285 praesumeret,

93 1306 213 1343 esset
235 1295 503 1357 puniendus,
538 1305 757 1354 tanquam
795 1295 1118 1354 rebaptizator:
1146 1294 1184 1338 si
1210 1304 1363 1338 autem
1391 1294 1582 1338 omnino
1610 1293 1747 1338 simul
1769 1293 1906 1337 ambo
1928 1293 2066 1338 verba

94 1363 360 1424 proferrent,
387 1373 431 1408 et
455 1362 693 1407 hominem
734 1362 1074 1421 immergerent,
1102 1372 1179 1406 aut
1210 1372 1516 1421 aspergerent,
1558 1371 1710 1406 essent
1749 1361 1968 1421 puniendi
2008 1360 2064 1404 de

93 1430 354 1476 inordinato
381 1430 523 1474 modo
549 1430 819 1489 baptizandi,
847 1439 892 1474 et
916 1443 1011 1473 non
1037 1430 1092 1474 de
1114 1430 1354 1474 iteratione
1384 1429 1613 1488 baptismi,
1650 1428 1772 1488 quia·
1792 1438 1981 1487 uterque
2002 1427 2066 1471 in-

94 1500 300 1545 tenderet
322 1512 418 1543 non
442 1497 720 1557 baptizatum
744 1497 971 1555 baptizare
986 1513 997 1551 ;
1015 1506 1061 1541 et
1082 1507 1284 1556 uterque,
1308 1506 1529 1556 quantum
1552 1506 1620 1540 est
1639 1496 1687 1540 in
1709 1509 1772 1550 se,
1794 1495 2064 1555 baptizaret:

95 1580 180 1612 nec
212 1566 443 1610 traderent
477 1564 614 1618 aliud,
646 1574 690 1609 et
722 1563 844 1608 aliud
884 1574 1239 1618 sacramentum,
1271 1564 1348 1608 sed
1383 1563 1609 1617 Christus,
1632 1563 1720 1622 vqui
1752 1572 1819 1607 est
1849 1576 1966 1607 unus
1997 1563 2065 1606 in-

95 1634 234 1679 terius
263 1632 512 1693 baptizans,
544 1646 688 1675 unum
713 1641 1053 1675 sacramentum
1085 1645 1166 1690 per
1197 1640 1441 1690 utrumque
1466 1629 1705 1674 conferret.

185 1702 263 1746 AD
287 1713 478 1746 PRIMUM
504 1713 615 1759 ergo
642 1698 903 1754 dicendum,
930 1699 1053 1758 quod
1079 1699 1195 1743 ratio
1237 1698 1316 1742 illa
1356 1698 1515 1743 locum
1555 1698 1694 1742 habet
1733 1697 1779 1741 in
1821 1697 1908 1751 his,
1950 1711 2066 1757 quae

97 1777 238 1829 agunt
262 1767 445 1828 propria
469 1767 662 1812 virtute:
690 1766 768 1810 sed
794 1766 1007 1810 homines
1033 1780 1128 1810 non
1154 1766 1384 1825 baptizant
1409 1765 1591 1825 propria
1606 1765 1785 1819 virtute,
1803 1765 1883 1810 sed
1901 1765 2066 1809 virtute

96 1836 283 1890 Christi,
309 1835 385 1894 qui
412 1848 519 1878 cum
544 1834 602 1878 sit
626 1847 757 1888 unus,
789 1847 871 1892 per
896 1847 1040 1877 unum
1066 1833 1324 1877 ministrum
1351 1833 1526 1892 perficit
1551 1847 1685 1877 suum
1713 1847 1841 1892 opus.

185 1903 262 1948 An
285 1911 545 1947 SECUNDUM
571 1900 832 1955 dicendum,
858 1901 981 1959 quod
1007 1901 1055 1943 in
1082 1914 1218 1944 causa
1255 1900 1535 1944 necessitatis
1578 1914 1695 1944 unus
1731 1909 1886 1959 posset
1927 1898 2066 1944 simul

96 1969 247 2031 plures
270 1969 497 2028 baptizare
523 1968 604 2012 sub
626 1968 714 2012 hac
736 1966 908 2011 forma:
935 1984 959 2009 «
982 1967 1081 2026 Ego
1099 1981 1182 2011 vos
1199 1968 1379 2026 baptizo
1398 1983 1438 2013 »:
1457 1976 1565 2026 puta
1584 1967 1622 2011 si
1638 1967 1900 2011 immineret
1920 1967 2065 2022 ruina,

0 2059 19 2089 ,ς
96 2047 176 2083 aut
199 2036 390 2096 gladius,
417 2045 495 2080 aut
526 2035 696 2095 aliquid
727 2035 1006 2093 hujusmodi,
1039 2035 1162 2094 quod
1196 2036 1388 2080 omnino
1421 2050 1603 2080 moram
1635 2050 1729 2080 non
1751 2046 1993 2096 pateretur,
2017 2047 2067 2081 ut

17 2110 29 2116 “’
96 2103 332 2164 sigillatim
349 2116 510 2148 omnes
525 2103 871 2162 baptizarentur.
898 2102 997 2147 Nec
1019 2116 1099 2162 per
1123 2103 1214 2147 hoc
1242 2103 1622 2148 diversificaretur
1642 2103 1792 2147 forma
1818 2103 2066 2158 Ecclesiae,

11 2770 39 2824 με*
7 2604 34 2759 *setae-⁴·
21 2558 23 2560 -
19 2531 22 2539 a
29 2463 35 2472 κ
19 2419 32 2445 a

96 2171 204 2232 quia
226 2170 401 2230 plurale
432 2184 526 2215 non
559 2179 626 2214 est
656 2170 744 2214 nisi
775 2169 1003 2229 singulare
1037 2170 1345 2229 geminatum:
1385 2171 1653 2230 praesertim
1694 2185 1801 2214 curn
1831 2170 2065 2228 pluraliter

92 2239 272 2284 dicatur
301 2237 462 2282 Matth.
495 2236 597 2281 ult.:
631 2239 895 2296 Baptizantes
919 2252 998 2292 eos,
1027 2247 1127 2291 ete„
1153 2252 1238 2282 nec
1266 2248 1333 2282 est
1358 2237 1508 2283 simile
1535 2238 1590 2282 de
1616 2239 1888 2296 baptizante,
1922 2248 1968 2283 et
1991 2239 2066 2283 ba-

96 2306 280 2367 ptizato,
325 2306 428 2365 quia
462 2305 687 2359 Christus,
722 2305 798 2364 qui
829 2304 1136 2364 principaliter
1167 2305 1378 2365 baptizat,
1412 2316 1479 2350 est
1520 2320 1656 2361 unus;
1697 2306 1776 2350 sed
1818 2305 1951 2350 multi
1987 2320 2067 2364 per

94 2373 374 2434 baptismum
400 2371 655 2417 efficiuntur
680 2386 823 2416 unum
848 2372 895 2415 in
923 2371 1124 2416 Christo.

186 2440 262 2486 AD
289 2451 506 2485 TERTIUM
532 2439 792 2494 dicendum,
825 2439 963 2499 quod,
986 2439 1103 2483 sicut
1125 2453 1260 2499 supra
1287 2439 1458 2484 dictum
1483 2450 1550 2484 est
1574 2439 1630 2500 (q.
1660 2440 1732 2486 66.
1761 2446 1841 2485 art.
1864 2455 1900 2500 3.
1928 2447 1969 2486 et
1988 2440 2064 2500 5.)‚

96 2506 331 2567 integritas
369 2507 584 2566 baptismi
616 2507 821 2551 consistit
853 2507 899 2550 in
930 2505 1080 2550 forma
1102 2507 1362 2562 verborum,
1385 2517 1429 2552 et
1447 2507 1496 2551 in
1519 2522 1603 2552 usu
1626 2507 1868 2552 materiae:
1896 2517 1940 2552 et
1961 2508 2065 2553 ideo

95 2587 246 2634 neque
270 2573 348 2619 ine
379 2574 458 2633 qui
487 2584 665 2619 tantum
695 2574 834 2619 verba
866 2573 1053 2634 profert,
1086 2574 1298 2634 baptizat,
1330 2589 1479 2634 neque
1510 2574 1588 2619 ille
1621 2575 1700 2634 qui
1730 2575 1988 2634 immergit:
2023 2585 2066 2620 et

99 2641 204 2686 ideo
236 2641 273 2686 si
304 2655 421 2685 unus
450 2642 587 2685 verba
619 2640 830 2700 proferat,
863 2651 908 2685 et
940 2640 1053 2685 alius
1079 2641 1338 2701 immergat,
1368 2642 1495 2687 nulla
1526 2641 1676 2686 forma
1707 2642 1956 2687 verborum
1989 2656 2066 2701 po-

98 2708 205 2754 terit
235 2721 333 2753 esse
373 2708 674 2753 conveniens:
715 2723 864 2768 neque
897 2708 1020 2752 enim
1063 2709 1231 2768 poterit
1272 2710 1383 2753 dici:
1421 2709 1571 2769 «Ego
1609 2719 1653 2754 te
1681 2709 1923 2768 baptizo»,
1957 2723 2061 2753 curn

100 2777 198 2835 ipse
229 2788 324 2820 non
354 2774 613 2834 immergat,
645 2785 690 2820 et
720 2789 800 2835 per
833 2789 1119 2835 consequens
1149 2790 1245 2820 non
1276 2777 1496 2836 baptizet:
1529 2791 1677 2836 neque
1721 2779 1861 2821 etiam
1903 2776 2067 2835 poterit

14 2873 30 2890 *22
102 2843 211 2888 dici:
248 2857 272 2884 «
296 2841 395 2887 Nos
419 2851 463 2886 te
489 2842 829 2902 baptizamusln,
857 2857 962 2887 cum
995 2853 1156 2887 neuter
1187 2844 1402 2902 baptizet3
1423 2844 1462 2888 si
1484 2844 1607 2888 enim
1631 2845 1721 2888 duo
1744 2844 1846 2897 sint,
1871 2857 2065 2902 quorum

101 2922 219 2955 unus
249 2922 391 2953 unam
421 2918 596 2967 partem
627 2909 728 2954 libri
759 2910 939 2964 scribat,
971 2919 1016 2955 et
1049 2910 1162 2955 alius
1196 2911 1349 2966 aliam,
1380 2926 1475 2956 non
1516 2912 1599 2957 erit
1638 2911 1821 2971 propria
1865 2910 2063 2956 locutio:

105 2992 130 3019 α
154 2977 253 3022 Nos
285 2975 548 3035 scripsimus
579 2974 744 3021 librum
774 2977 912 3021 istum
939 2992 981 3031 >›,
1014 2978 1094 3022 sed
1125 2979 1478 3037 synecdochica,
1510 2980 1781 3039 inquantum
1813 2987 1963 3022 totum
1988 2991 2049 3037 po

39 3072 65 3101 «
101 3043 224 3090 nitur
254 3058 338 3104 pro
370 3052 512 3102 parte.
1041 3069 1043 3071 v

791 3189 1223 3248 ARTICULUS
1264 3194 1390 3249 VII.
1976 3205 2063 3265 382

315 3310 537 3349 UTRUM
593 3309 660 3347 IN
712 3308 1036 3349 BAPTISMO
1088 3313 1506 3358 REQUIRATUR
1559 3311 1855 3363 ALIQUIS,

447 3384 543 3430 QUI
584 3383 934 3423 BAPTIZATUM
972 3385 1149 3425 LEVET
1189 3388 1262 3425 DE
1304 3387 1478 3426 SACRO
1521 3387 1720 3425 FONTE.

846 3470 974 3531 (Insr.
1002 3479 1084 3518 art.
1110 3474 1151 3518 8.
1179 3474 1232 3518 ad
1259 3474 1329 3532 1.).

195 3574 273 3620 An
306 3566 557 3620 sem-mun
579 3573 642 3618 sic
674 3573 945 3632 proceditur.
972 3573 1177 3631 Videtur,
1210 3577 1332 3637 quod
1364 3579 1408 3621 in
1442 3576 1669 3636 baptismo
1695 3590 1789 3621 non
1813 3576 2064 3637 requiratur

0 3624 1 3628 Ἰ
110 3639 287 3701 aliquis,
319 3641 397 3700 qui
426 3641 703 3700 baptizatum
736 3640 791 3685 de
829 3654 959 3686 sacro
990 3639 1118 3687 fonte
1154 3642 1294 3689 levet:
1336 3643 1586 3703 baptismus
1627 3643 1750 3687 enim
1790 3654 1945 3689 noster
1985 3659 2064 3704 per

292 3742 326 3776 S.
352 3743 505 3777 Tnouuz
532 3743 662 3777 Summa
694 3743 893 3787 Theologica.
922 3743 1001 3777 Vol.
1029 3743 1090 3777 lv.
1845 3757 1884 3790 37
