2352 3926
644 263 923 311 QuAns‘no
964 263 1052 303 LV.
1093 261 1402 304 AnrxcuLus
1445 262 1516 324 iv.
1730 287 1733 290 -
1966 249 2072 317 467

147 379 150 386 ‘
193 366 269 412 AD
286 379 476 413 PMMUM
498 379 610 425 ergo
637 366 897 421 dicendum,
915 366 1053 426 quod,
1071 365 1189 410 sicut
1204 364 1324 423 Aug.
1344 364 1454 408 dicit
1469 364 1516 407 in
1533 362 1609 407 lib.
1623 375 1662 407 2.
1675 363 1730 407 de
1750 361 2072 415 Quaestionib.

104 434 277 493 Evang.
304 435 364 493 (q.
392 434 464 479 ult.
507 436 551 477 in
576 435 754 493 princ),
796 447 930 478 «non
964 447 1102 477 omne
1134 433 1256 492 quod
1293 431 1510 490 fingimus
1543 430 1836 475 mendacium
1870 440 1959 474 est:
1995 429 2074 473 sed

104 502 287 562 quando
314 500 424 545 illud
450 501 680 560 fingimus,
707 501 829 559 quod
856 499 970 544 nihil
995 500 1234 558 significat,
1262 509 1368 543 tunc
1387 509 1454 543 est
1472 498 1904 541 mendacium:cum
1920 506 2072 541 autem

103 568 228 614 fictio
253 579 409 613 nostra
436 567 624 612 refertur
655 568 700 611 in
735 567 933 626 aliquam
975 566 1376 625 significationem,
1417 580 1510 609 non
1553 575 1618 609 est
1651 564 1960 616 mendacium,
1993 563 2071 606 sed

105 636 256 696 aliqua
281 635 425 694 figura
456 635 680 679 veritatis:
709 635 911 692 alioquin
948 635 1106 677 omnia
1147 647 1262 691 quae
1292 647 1315 675 a
1343 633 1634 690 sapientibus,
1671 642 1714 676 et
1750 631 1917 675 sanctis
1949 632 2073 684 viris,

102 702 178 748 vel
203 703 340 748 etiam
368 702 422 747 ab
450 705 549 761 ipso
577 702 783 745 Domino
810 700 998 758 figurate
1027 700 1145 744 dicta
1173 709 1290 753 sunt,
1319 700 1558 757 mendacia
1586 699 1942 756 deputabuntur;
1967 698 2075 757 quia

104 771 356 816 secundum
384 770 599 814 usitatum
627 767 910 812 intellectum
943 781 1036 810 non
1071 766 1279 810 consistit
1309 766 1473 810 veritas
1501 766 1544 808 in
1574 765 1736 808 talibus
1770 765 1924 809 dictis:
1958 765 2077 809 sicut

106 849 259 882 autem
285 837 419 890 dicta,
447 836 507 880 ita
534 837 672 880 etiam
699 835 928 893 finguntur
953 833 1072 878 facta
1099 834 1195 876 sine
1223 833 1483 885 mendacio,
1516 832 1570 875 ad
1597 832 1796 891 aliquam
1819 847 1918 877 rem
1940 831 2077 890 signi-

104 904 332 950 ficandam
350 920 390 947 >›.
409 903 465 948 Et
489 903 551 947 ita
577 901 746 946 factum
775 911 843 945 est
866 901 958 955 hic,
984 911 1034 944 ut
1060 901 1233 944 dictum
1261 911 1340 944 est.

193 971 270 1016 AD
302 982 562 1016 SECUNDUM
597 968 856 1021 dicendum,
893 967 1030 1026 quod,
1063 967 1179 1012 sicut
1212 967 1331 1025 Aug.
1366 967 1475 1010 dicit
1506 966 1550 1009 in
1574 965 1649 1010 lib.
1688 981 1723 1025 3
1753 967 1807 1010 de
1831 967 2074 1011 Consensu

106 1038 278 1097 Evang.
307 1037 414 1097 (cap.
437 1050 497 1095 25.
524 1038 631 1080 inter
648 1037 787 1095 prino.
811 1041 850 1079 et
870 1034 1012 1093 med),
1040 1052 1063 1076 «
1080 1034 1310 1078 Dominus
1327 1044 1506 1093 poterat
1536 1033 1861 1077 transformare
1889 1048 2075 1078 carnem

105 1114 252 1158 suam,
278 1114 326 1148 ut
353 1102 440 1148 alia
465 1116 623 1147 revera
651 1112 770 1147 esset
796 1101 968 1160 effigies
1007 1102 1060 1144 ab
1105 1101 1197 1154 illa,
1232 1116 1370 1160 quam
1407 1100 1616 1145 solebant
1651 1101 1837 1145 intueri:
1877 1101 2075 1159 quando-

105 1171 290 1232 quidem
317 1180 365 1215 et
399 1179 503 1225 ante
530 1169 791 1229 passionem
820 1183 946 1213 suam
975 1167 1322 1212 transformatus
1350 1177 1417 1212 est
1448 1169 1494 1211 in
1528 1163 1701 1221 monte,
1734 1178 1783 1211 ut
1807 1167 1947 1212 facies
1981 1169 2076 1226 ejus

99 1234 388 1291 claresceret,
411 1237 526 1281 sicut
553 1236 650 1282 sol:
678 1236 757 1280 sed
783 1249 879 1279 non
906 1236 967 1279 ita
994 1250 1114 1280 nunc
1141 1235 1312 1279 factum
1341 1246 1435 1279 est:
1462 1249 1556 1278 non
1589 1245 1743 1279 autem
1777 1237 2080 1292 incongruen-

105 1315 174 1350 ter
210 1304 474 1364 accipimus,
500 1304 591 1348 hoc
620 1303 1038 1362 impedimentum'
1028 1317 1073 1346 1n
1101 1301 1246 1346 oculis
1281 1316 1442 1346 eorum
1466 1316 1491 1345 a
1515 1302 1685 1346 Satana
1719 1301 1888 1346 factum
1924 1301 2079 1355 fuisse,

108 1385 167 1417 ne
194 1381 519 1432 agnosceretur
529 1371 659 1429 Jesus
676 1387 717 1413 ».
732 1370 867 1414 Unde
890 1370 1000 1413 Luc.
1025 1369 1171 1415 ultim.
1194 1369 1370 1423 dicitur,
1393 1369 1514 1428 quod
1534 1369 1644 1414 oculi
1660 1385 1802 1413 eorum
1821 1370 2080 1423 tenebantur,

108 1455 158 1485 ne
181 1454 275 1484 eum
308 1444 583 1498 agnoscerent.

199 1505 276 1550 AD
308 1517 525 1550 TERTIUM
563 1503 824 1557 dicendum,
857 1503 978 1562 quod
1004 1503 1121 1547 ratio
1148 1502 1225 1546 illa
1250 1513 1527 1562 sequeretur,
1553 1504 1592 1547 si
1625 1503 1678 1547 ab
1706 1503 1882 1548 alienae
1910 1503 2077 1562 effigiei

25 1573 44 1595 ’·
107 1582 293 1632 aspectu
317 1585 413 1616 non
438 1571 627 1616 fuissent
652 1571 825 1615 reducti
854 1572 908 1614 ad
934 1585 1039 1614 vere
1066 1570 1314 1614 videndum
1342 1571 1513 1616 Christi
1542 1570 1756 1630 effigiem.
1792 1571 1921 1615 Sicut
1953 1571 2076 1615 enim

26 1662 33 1698 j
109 1640 303 1699 August.
331 1638 440 1684 dicit
451 1639 572 1692 ibid.‚
588 1655 611 1680 <c
629 1653 654 1682 a
678 1638 866 1683 Christo
892 1637 1011 1682 facta
1030 1647 1098 1682 est
1115 1637 1359 1697 promissio
1374 1648 1476 1691 »,ut
1487 1637 1662 1682 scilicet
1678 1638 1911 1696 praedicto
1931 1639 2075 1682 modo

112 1706 238 1753 oculi
263 1721 424 1751 eorum
450 1714 710 1750 tenerentur
738 1721 762 1746 «
779 1719 921 1764 usque
950 1705 1004 1748 ad
1042 1715 1380 1749 sacramentum
1412 1705 1570 1764 panis3
1598 1715 1646 1749 ut
1672 1705 1843 1749 unitate
1872 1706 2076 1764 corporis

13 1775 41 1829 ’7,
114 1776 212 1834 ejus
247 1773 526 1832 participata,
566 1772 793 1817 removeri
834 1768 1112 1830 intelligatur
1148 1773 1526 1830 impedimentum
1566 1772 1757 1826 inimici,
1785 1782 1833 1816 ut
1868 1772 2079 1817 Christus

109 1841 254 1902 possit
278 1840 519 1900 agnosci».
537 1839 850 1884 Undeibidem
865 1839 1080 1896 subditur,
1109 1839 1231 1898 quod
1259 1841 1430 1899 «aperti
1455 1845 1548 1883 sunt
1575 1840 1684 1884 oculi
1702 1854 1859 1892 eorum,
1879 1846 1915 1884 et
1937 1855 2082 1897 cogno-

109 1914 263 1954 verunt
285 1923 379 1953 eum
387 1923 405 1960 ,⁰
447 1921 541 1951 non
568 1906 690 1966 quod
709 1916 812 1950 ante
838 1905 1003 1950 clausis
1037 1907 1182 1950 oculis
1204 1906 1502 1960 ambularent,
1526 1907 1603 1950 sed
1632 1908 1775 1951 inerat
1798 1907 1966 1966 aliquid
1987 1922 2077 1967 quo

109 1982 204 2020 non
240 1975 493 2019 sinerentur
530 1987 780 2032 agnoscere
818 1973 941 2032 quod
974 1973 1188 2018 videbant
1206 1989 1254 2028 »3
1282 1973 1404 2032 quod
1431 1973 1606 2018 scilicet
1639 1974 1804 2032 caligo,
1843 1984 1887 2019 et
1919 1973 2081 2034 aliquis

18 2053 47 2070 ³
110 2042 280 2088 humor
305 2041 484 2087 efficere
506 2039 636 2086 solet.

823 2167 1257 2269 ARTICULUS
1299 2213 1367 2267 V.
1700 2259 1703 2261 .
1999 2227 2080 2287 306

242 2350 476 2392 UTRUM
532 2350 862 2390 CHRISTUS
918 2350 1308 2389 VERITATEM
1366 2351 1967 2389 RESURRECTIONIS

576 2425 851 2463 DEBUERIT
884 2425 1237 2464 ARGUMENTIS
1267 2424 1608 2463 DECLARARE.
1725 2423 1727 2425 ’

135 2531 187 2594 (3.
220 2521 332 2580 Dist'.
363 2549 426 2580 21.
459 2549 498 2593 q.
531 2549 571 2580 2.
605 2540 686 2579 art.
715 2549 751 2593 3.
785 2540 823 2578 et
853 2548 895 2591 4.
929 2540 967 2579 et
999 2542 1133 2593 opusc.
1169 2549 1205 2579 2.
1240 2542 1332 2594 cap.
1366 2535 1455 2594 238.
1489 2542 1527 2579 et
1559 2543 1695 2594 opusc.
1731 2536 1802 2582 60.
1837 2545 1926 2596 cap.
1959 2537 2066 2594 22).

176 2654 179 2658 '
206 2641 529 2696 §An-QUINTUM
555 2645 619 2689 sic
651 2645 923 2704 proceditur.
957 2645 1162 2699 Videtur,
1195 2646 1318 2704 quod
1356 2646 1565 2690 Christus
1605 2647 1843 2692 veritatem
1889 2663 2086 2694 resurre-

118 2704 405 2756 ctionisnon
437 2712 640 2756 debuerit
674 2712 955 2771 argumentis
994 2712 1249 2757 declarare:
1293 2713 1403 2758 dicit
1444 2715 1566 2757 enim
1610 2714 1826 2759 Ambros.
1854 2716 1948 2772 (lib.
1976 2732 2010 2761 1.
2039 2716 2085 2760 dc

6 2776 15 2791 ²
33 2781 67 2839 ⁷2-
119 2777 223 2823 Fide
244 2785 334 2837 cap.
355 2791 393 2837 5.
420 2776 473 2822 ad
487 2780 558 2836 fin.
558 2779 610 2836 ).·
629 2795 652 2820 <c
672 2778 809 2823 Tolle
824 2790 1091 2838 argumenta
1111 2780 1186 2823 ubi
1210 2780 1319 2824 fides
1339 2781 1601 2839 quaeritur»
1625 2795 1633 2824 ε
1653 2783 1731 2826 sed
1756 2783 1875 2826 circa
1893 2798 2086 2827 resurre-

119 2845 321 2891 ctionem
349 2845 518 2890 Christi
545 2848 772 2905 quaeritur
798 2847 934 2902 fides;
961 2862 1055 2891 non
1091 2862 1200 2906 ergo
1227 2848 1398 2893 habent
1422 2849 1484 2892 ibi
1509 2849 1667 2893 locum
1695 2861 1977 2909 argumenta.

15 2953 17 2955 ,
54 2963 71 2970 7
209 2924 249 2955 2.
276 2911 571 2956 PRAETEREA.
598 2912 793 2972 Gregor.
821 2914 929 2958 dicit
970 2915 1100 2972 (hom.
1126 2915 1196 2960 26.
1224 2917 1270 2959 in
1302 2917 1466 2975 Evang.
1495 2918 1538 2960 in
1557 2919 1718 2976 princ.)
1737 2935 1752 2960 :
1797 2918 1967 2962 «Fides
1990 2932 2083 2961 non

14 2980 19 3003 ἱ·
117 2978 254 3024 habet
277 2978 505 3032 meritum,
527 2978 603 3022 ubi
627 2979 830 3024 humana
855 2982 971 3025 ratio
999 2982 1183 3040 praebet
1206 2983 1567 3041 experimentum
1582 2999 1631 3027 »ε
1660 2985 1737 3028 sed
1767 2985 1821 3028 ad
1848 2986 2083 3029 Chriszum

17 3042 20 3045 ’
118 3059 213 3091 non
238 3044 490 3105 pertinebat
514 3045 726 3090 meritum
751 3046 855 3091 fidei
879 3055 1131 3102 evacuare;
1161 3047 1271 3107 ergo
1300 3050 1356 3094 ad
1379 3064 1486 3094 eum
1510 3065 1604 3095 non
1626 3052 1876 3110 pertinebat
1893 3066 2088 3097 resurre-

20 3107 22 3126 ³
59 3119 77 3171 ’7
121 3115 323 3158 ctionem
349 3126 429 3171 per
454 3113 1035 3169 argumenta'confirmare.

212 3194 249 3239 3.
276 3179 574 3224 Pmnmzm.
614 3178 822 3224 Christus
847 3180 894 3224 in
921 3182 1145 3226 mundum
1171 3183 1308 3236 venit,
1341 3194 1390 3227 ut
1422 3198 1501 3244 per
1528 3198 1633 3228 eum
1660 3186 1872 3229 homines
1900 3186 2088 3230 beatitu-

120 3245 274 3292 dinem
304 3246 621 3304 adipiscantur,
644 3244 895 3290 secundum
922 3246 1033 3291 illud
1054 3248 1184 3306 Joan.
1219 3263 1309 3295 10.:
1338 3251 1425 3309 Ego
1458 3254 1555 3296 veni
1582 3259 1624 3295 ut
1659 3253 1791 3295 vitam
1829 3253 2020 3306 habeant,
2049 3260 2087 3298 et

64 3357 90 3373 77,
118 3312 396 3358 abundantius
428 3313 630 3356 habeant:
659 3311 737 3356 sed
764 3327 843 3371 per
880 3314 1145 3372 hujusmodi
1181 3318 1465 3362 ostensiones
1504 3329 1877 3376 argumentorum
1910 3319 2086 3364 videtur

69 3390 87 3416 :³
118 3379 349 3425 humanae
374 3378 639 3423 beatitudini
666 3378 1046 3438 impedimentum
1064 3384 1301 3441 praestari;
1329 3385 1492 3429 dicitur
1518 3386 1640 3428 enim
1669 3385 1800 3442 Joan.
1829 3399 1921 3430 20.:
1949 3388 2085 3432 Beati

56 3455 86 3514 'xj
121 3448 193 3507 qui
218 3461 300 3491 non
325 3446 536 3499 viderunt,
564 3451 600 3489 et
626 3445 915 3499 crediderunt;
945 3461 1054 3506 ergo
1086 3449 1276 3503 videtur,
1300 3452 1420 3509 quod
1447 3452 1653 3495 Christus
1670 3467 1762 3495 non
1786 3453 1990 3499 debuerit
2006 3470 2087 3514 per

70 3519 86 3578 }
123 3512 275 3573 aliqua
303 3522 581 3572 argumenta
599 3512 978 3557 resurrectionem
1006 3528 1133 3559 suam
1164 3517 1466 3561 manifestare.

213 3579 306 3625 SED
340 3592 535 3626 CONTRA
564 3589 644 3633 est,
683 3579 803 3638 quod
833 3579 994 3624 dicitur
1025 3581 1127 3627 Act.
1162 3596 1196 3627 1.
1224 3584 1347 3643 quod
1381 3585 1586 3643 apparuit
1617 3585 1849 3645 discipulis
1878 3587 2087 3634 Christus

87 3653 196 3706 ριν
219 3646 303 3692 dies
323 3645 603 3706 quadraginta
629 3647 673 3689 in
699 3646 838 3690 multis
863 3650 1132 3705 argumentis,
1163 3650 1328 3707 loquens
1355 3650 1400 3695 de
1423 3665 1547 3708 regno
1570 3652 1669 3697 Dei.
