2352 3926
658 227 937 277 QUABsTm
978 227 1164 267 vam.
1205 226 1513 268 armemus
1551 227 1646 267 vn.
2033 213 2137 284 589

179 345 291 377 cum
325 331 381 377 de
420 331 672 378 intentione
695 331 908 393 baptizati
946 346 1040 376 non
1075 340 1267 386 constet,
1300 329 1488 390 quilibet
1518 339 1674 390 posset
1704 338 1874 391 petere,
1906 343 1955 375 se
1987 329 2140 375 denuo

182 398 396 458 baptizari
421 409 605 459 propter
628 399 893 444 intentionis
919 398 1148 444 defectum
1162 414 1174 453 ;
1189 412 1284 443 non
1299 398 1477 443 videtur
1502 412 1628 457 ergo,
1646 396 1769 458 quod
1785 397 1976 443 intentio
1999 397 2143 456 requi-

181 475 304 511 ratur
330 480 385 510 ex
403 477 534 526 parte
560 466 786 526 baptizati,
808 476 856 511 ut
881 466 1096 526 suscipiat
1121 474 1473 510 sacramentum.

131 531 138 537 ’
272 546 311 592 3.
337 533 634 579 PRAETEREA.
653 534 909 593 Baptismus
931 543 1090 577 contra
1107 542 1347 592 peccatum
1373 530 1594 590 originale
1621 531 1774 576 datur:
1802 530 1882 576 sed
1914 530 2139 590 originale

180 609 421 658 peccatum
453 600 735 645 contrahitur
759 601 855 644 sine
881 600 1133 644 intentione
1159 599 1412 653 nascentis;
1439 613 1550 658 ergo
1576 599 1841 659 baptismus,
1868 608 1916 644 ut
1947 598 2139 652 videtur,

178 666 483 712 intentionem
508 681 602 711 non
628 667 815 726 requirit
847 682 902 712 ex
927 676 1051 726 parte
1077 667 1303 724 baptizati.

269 734 365 779 SED
393 747 588 780 CONTRA
617 743 696 788 est,
724 733 846 793 quod
872 733 1125 778 secundum
1157 733 1292 777 ritum
1325 733 1559 778 Ecclesiae
1585 733 1844 793 baptizandi
1868 732 2135 793 profitentur

178 814 229 845 se
252 810 406 860 petere
433 802 485 844 ab
513 800 720 845 Ecclesia
741 800 1041 859 baptismum;
1063 814 1143 859 per
1161 800 1283 859 quod
1307 800 1575 858 profitentur
1601 814 1732 844 suam
1757 801 2061 846 intentionem
2083 799 2140 845 de

175 868 462 927 susceptione
492 867 778 912 sacramenti.

266 934 553 980 RESPONm-:o
580 935 837 988 dicendum,
871 934 994 993 quod
1019 947 1099 993 per
1123 934 1400 992 baptismum
1427 933 1587 992 aliquis
1620 934 1813 978 moritur
1843 934 1987 980 veteri
2017 935 2138 980 vitae

178 1001 370 1061 peccati,
402 1012 447 1047 et
469 1002 629 1061 incipit
659 1001 888 1061 quandam
908 1001 1029 1046 vitae
1054 1002 1323 1055 novitatem,
1349 1001 1600 1045 secundum
1627 1000 1738 1045 illud
1770 1002 1906 1046 Rom.
1933 1001 1998 1046 6.:
2035 1002 2141 1047 Con·

175 1069 324 1129 sepulti
355 1084 496 1114 sumus
528 1069 694 1114 Christo
719 1076 798 1128 per
835 1070 1086 1128 baptismum
1112 1070 1156 1112 in
1188 1074 1379 1122 mortem,
1411 1074 1459 1113 ut
1500 1068 1701 1126 quomodo
1741 1068 1929 1113 Christus
1959 1070 2143 1114 surrexit

176 1149 206 1180 a
234 1138 410 1181 mortuis
431 1144 510 1196 per
537 1136 718 1195 gloriam
748 1137 904 1190 Patris,
931 1137 991 1180 ita
1020 1142 1060 1181 et
1095 1150 1167 1180 nos
1193 1137 1237 1179 in
1269 1136 1456 1180 novitate
1487 1137 1598 1180 vitae
1631 1135 1898 1180 ambulemus.
1932 1136 1988 1180 Et
2020 1135 2140 1191 ideo,

176 1202 294 1247 sicut
318 1203 375 1247 ad
399 1203 489 1247 hoc
516 1203 639 1262 quod
660 1203 806 1247 homo
828 1203 1049 1247 moriatur
1069 1202 1212 1247 veteri
1236 1202 1370 1257 vitae,
1397 1203 1651 1262 requiritur,
1670 1203 1922 1247 secundum
1944 1203 2138 1262 August.

175 1269 304 1326 (hom.
336 1270 408 1316 ult.
435 1272 544 1316 inter
564 1284 632 1329 50.
659 1278 751 1329 cap.
775 1285 800 1316 2
829 1286 855 1315 α
881 1271 1064 1329 princ),
1098 1271 1144 1314 in
1170 1270 1366 1315 habente
1398 1285 1532 1315 usum
1558 1269 1688 1315 liberi
1720 1271 1890 1315 arbitrii
1914 1269 2140 1324 voluntas,

175 1351 265 1396 qua
295 1351 402 1382 eum
426 1338 590 1383 veteris
615 1338 735 1382 vitae
767 1338 1021 1396 poeniteat3
1046 1338 1110 1381 ita
1134 1337 1375 1396 requiritur
1403 1336 1629 1392 voluntas,
1662 1351 1752 1396 qua
1786 1337 1992 1382 intendat
2020 1337 2140 1381 vitae

174 1404 450 1460 novitatem;
477 1406 605 1463 cuius
631 1405 903 1464 principium
924 1414 993 1449 est
1016 1405 1114 1463 ipsa
1139 1404 1368 1464 susceptio
1401 1405 1702 1463 sacramenti5
1735 1414 1780 1450 et
1802 1404 1908 1449 ideo
1935 1419 1989 1449 ex
2014 1413 2141 1464 parte

173 1471 387 1531 baptizati
411 1472 651 1531 requiritur
673 1472 900 1526 voluntas,
933 1472 1026 1516 sive
1051 1472 1242 1516 intentio
1269 1472 1544 1530 suscipiendi
1569 1482 1923 1517 sacramentum.

0 1523 17 1598 ἒ
264 1538 342 1584 AD
363 1552 553 1584 PRIMUM
570 1553 680 1598 ergo
703 1539 963 1593 dicendum,
981 1538 1104 1598 quod
1120 1539 1168 1582 in
1184 1539 1518 1598 justificatione,
1535 1553 1651 1598 quae
1678 1539 1729 1583 fit
1749 1553 1830 1599 per
1844 1539 2138 1599 baptismum,

2 1595 10 1607 ’ἢ
174 1616 370 1651 nonxest
398 1607 550 1666 passio
582 1616 758 1661 coacta,
790 1606 869 1651 sed
893 1605 1176 1660 voluntaria3
1204 1615 1248 1650 et
1277 1606 1382 1651 ideo
1410 1607 1648 1666 requiritur
1669 1606 1861 1651 intentio
1887 1605 2138 1666 recipiendi

176 1672 237 1728 id,
269 1673 393 1732 quod
418 1673 462 1718 ei
491 1673 636 1717 datur.
2141 1722 2146 1727 ‚

264 1740 342 1784 An
369 1752 631 1784 SECUNDUM
663 1739 923 1793 dicendum,
956 1740 1079 1798 quod
1111 1739 1149 1783 si
1173 1739 1220 1783 in
1248 1739 1403 1784 adulto
1431 1740 1606 1784 deesset
1636 1739 1829 1784 intentio
1861 1739 2138 1800 suscipiendi

175 1816 529 1860 sacramentum,
547 1815 666 1851 esset
690 1800 1058 1865 rebaptizandus:
1087 1807 1125 1851 si
1148 1815 1304 1851 tamen
1335 1807 1427 1852 hoc
1459 1821 1553 1851 non
1571 1817 1814 1862 constaret,
1842 1817 1961 1853 esset
1991 1807 2141 1853 dicen-

177 1873 311 1917 dum:
347 1888 372 1915 α
394 1873 445 1917 Si
468 1887 563 1917 non
590 1887 638 1918 es
659 1873 924 1932 baptizatus,
948 1888 1036 1932 ego
1062 1882 1106 1918 te
1126 1873 1306 1932 baptizo
1329 1891 1370 1919 ›>.

263 1939 340 1984 AD
366 1952 581 1984 TERTIUM
607 1939 867 1994 dicendum,
894 1940 1017 2000 quod
1033 1940 1284 1999 baptism-us
1311 1941 1545 1985 ordinatur
1566 1955 1661 1986 non
1687 1941 1839 1986 solum
1873 1951 2031 1986 contra
2054 1941 2140 1986 ori-

0 1985 22 2124 ἑ
174 2005 325 2066 ginale
356 2016 611 2067 peccatum,
637 2007 716 2052 sed
742 2007 881 2052 etiam
914 2017 1072 2052 contra
1105 2007 1316 2062 actualia,
1343 2023 1458 2067 quae
1485 2022 1564 2067 per
1594 2008 1895 2064 voluntatem,
1918 2018 1964 2054 et
1994 2011 2135 2054 inten-

20 2085 22 2087 ’
173 2074 349 2120 tionem
377 2083 633 2119 causantur.

45 83 52 94 ⁴}
57 90 59 94 ⁴

35 176 46 185 ,

27 266 50 292 ζ’

9 439 27 470 ,ζ

3 587 10 595 .

12 627 26 658 '³1
46 623 55 629 ”

0 740 10 835 g

7 878 12 886 .

0 2158 16 2262 ἰ
815 2221 1248 2279 ARTICULUS
1289 2223 1444 2279 VIII.
2054 2252 2131 2298 391

431 2343 625 2383 UTRUM
663 2343 819 2382 Fun-:s
858 2343 1212 2391 REQUmATUR
1250 2345 1321 2382 Ex
1359 2345 1535 2384 PARTE
1575 2344 1882 2383 BAPT1ZAT1.

498 2439 563 2497 (4.
585 2439 696 2483 Dist.
724 2438 766 2483 6.
793 2453 832 2496 q.
854 2453 890 2482 1.
916 2444 999 2483 art.
1017 2452 1055 2497 3.
1081 2452 1119 2496 q.
1142 2452 1177 2482 1.
1201 2444 1239 2482 et
1263 2453 1302 2497 q.
1329 2452 1368 2483 2.
1393 2444 1475 2482 art.
1498 2452 1539 2483 2.
1566 2452 1603 2496 q.
1627 2452 1664 2497 3.
1692 2445 1807 2498 corp.

768 2511 806 2550 et
830 2505 942 2550 Dist.
976 2519 1017 2563 9.
1051 2511 1133 2550 art.
1166 2519 1205 2550 2.
1229 2519 1266 2564 q.
1302 2519 1343 2550 2.
1370 2504 1424 2549 ad
1448 2505 1524 2562 2.).

261 2612 338 2656 AD
369 2623 607 2657 OCTAVUM
632 2611 696 2657 sic
719 2611 991 2672 proceditur.
1018 2611 1222 2666 Videtur,
1244 2611 1367 2672 quod
1399 2611 1510 2657 fides
1542 2611 1796 2671 requiratur
1829 2625 1883 2657 ex
1908 2621 2035 2672 parte
2060 2612 2134 2656 ba-

173 2677 348 2736 ptizati:
381 2688 718 2724 sacramentum
750 2679 873 2724 enim
904 2679 1118 2738 baptismi
1141 2693 1166 2723 a
1184 2679 1371 2724 Christo
1404 2689 1472 2724 est
1501 2679 1781 2724 institutum:
1816 2678 1894 2723 sed
1922 2678 2132 2723 Christus

173 2743 371 2790 formam
393 2745 606 2805 baptismi
634 2746 816 2791 tradens
848 2745 987 2791 fidem
1018 2747 1245 2806 baptismo
1278 2746 1540 2805 praemittit,
1564 2747 1719 2791 dicens
1746 2746 1888 2791 Marc.
1917 2745 2019 2789 ult.:
2044 2746 2135 2802 Qui

173 2811 394 2857 crediderit
417 2818 452 2857 et
473 2813 704 2872 baptizatus
719 2813 871 2872 fuerit,
895 2813 1035 2859 salvus
1055 2815 1162 2867 erit‚·
1191 2827 1301 2873 ergo
1327 2813 1519 2868 videtur,
1545 2814 1669 2873 quod
1690 2813 1778 2858 nisi
1803 2813 1861 2858 sit
1885 2812 2010 2867 fides,
2036 2826 2131 2866 non

174 2878 317 2939 possit
347 2892 446 2923 esse
467 2889 803 2924 sacramentum
833 2880 1059 2939 baptismi.

262 2958 302 2989 2.
319 2945 616 2991 PRAETEREA.
632 2946 761 2991 Nihil
784 2945 944 2991 frustra
965 2947 1013 2991 in
1029 2948 1324 2992 sacramentis
1341 2947 1575 2992 Ecclesiae
1598 2947 1765 3006 agitur:
1787 2946 1864 2991 sed
1881 2945 2133 2990 secundum

173 3012 309 3057 ritum
342 3011 575 3057 Ecclesiae
607 3012 683 3056 ille
716 3013 794 3072 qui
824 3013 999 3058 accedit
1041 3014 1096 3058 ad
1131 3014 1423 3073 baptismum,
1456 3015 1511 3059 de
1552 3014 1640 3058 fide
1676 3014 1994 3071 interrogatur,
2028 3026 2134 3056 cum

172 3079 357 3124 dicitur:
393 3095 417 3121 ι(
434 3079 595 3124 Credis
627 3079 672 3123 in
698 3079 851 3124 Deum
875 3080 1095 3125 Patrem?
1123 3092 1208 3126 etc.
1227 3097 1279 3136 »3
1312 3096 1422 3140 ergo
1450 3082 1640 3135 videtur,
1676 3080 1798 3140 quod
1824 3079 1935 3123 fides
1984 3079 2040 3124 ad
2061 3079 2135 3124 ba-

172 3147 390 3206 ptismum
416 3146 681 3205 requiratur.

263 3228 300 3273 3.
318 3214 615 3259 PRAETEREA.
631 3213 702 3257 Ad
714 3213 990 3272 baptismum
1005 3215 1245 3274 requiritur
1262 3216 1452 3260 intentio
1476 3213 1748 3273 suscipiendi
1766 3222 2132 3260 sacramentum:

171 3280 251 3325 sed
277 3282 366 3325 hoc
392 3294 485 3324 non
512 3290 662 3338 potest
688 3294 785 3324 esse
811 3280 907 3324 sine
932 3290 1054 3325 recta
1080 3282 1181 3336 fide,
1202 3297 1306 3326 curn
1332 3282 1582 3340 baptismus
1608 3281 1664 3325 sit
1689 3290 1839 3325 rectae
1858 3279 1962 3324 fidei
1989 3295 2134 3326 sacra-

171 3358 376 3392 mentum
391 3364 402 3402 3
415 3362 495 3406 per
513 3361 618 3391 eum
637 3347 758 3390 enim
784 3347 1131 3406 incorporantur
1147 3349 1358 3393 homines
1377 3348 1578 3401 Christo,
1595 3357 1643 3391 ut
1659 3348 1777 3406 Aug.
1806 3347 1914 3391 dicit
1931 3349 1977 3391 in
1995 3347 2070 3394 lib.
2094 3363 2130 3393 1.

172 3415 227 3459 de
254 3415 488 3475 Baptismo
514 3413 806 3473 parvulorum
836 3413 920 3470 (seu
947 3414 992 3458 de
1018 3416 1178 3461 Pereat.
1206 3418 1339 3460 merit.
1366 3422 1404 3460 et
1430 3417 1581 3459 remi5s.
1609 3423 1698 3472 cap.
1722 3414 1792 3459 26.
1817 3428 1843 3458 a
1866 3414 2018 3471 med.).·
2040 3415 2131 3459 hoc

172 3490 326 3526 autem
350 3496 444 3527 non
477 3491 624 3541 potest
656 3494 754 3524 esse
786 3480 882 3524 sine
914 3490 1036 3525 recta
1076 3482 1177 3536 fide,
1210 3482 1460 3527 secundum
1497 3480 1607 3525 illud
1644 3480 1809 3540 Ephes.
1847 3482 2131 3540 3.:Habitare

172 3546 385 3594 Christum
409 3556 488 3608 per
506 3547 635 3607 fidem
666 3549 711 3591 in
733 3547 923 3592 cordibus
947 3550 1093 3593 vestris
1103 3564 1121 3607 ,-
1155 3563 1264 3607 ergo
1292 3548 1481 3601 videtur,
1509 3547 1630 3606 quod
1657 3547 1733 3591 ille
1767 3547 1844 3606 qui
1869 3562 1964 3593 non
1990 3548 2128 3594 habet

172 3623 345 3660 rectam
375 3614 526 3670 fidem,
551 3628 645 3659 non
668 3613 811 3673 possit
842 3614 1070 3673 suscipere
1101 3626 1439 3661 sacramentum
1461 3614 1687 3673 baptismi.
