2352 3926
0 739 14 959 ”vmijv
9 707 13 713 .
6 612 11 620 «.
10 586 12 588 «
2 533 14 568 w·-
12 513 15 516 Δ
10 476 15 490 ..
4 354 17 370 ,ι
11 332 13 334 ,
9 277 16 294 A<
10 191 13 197 ,

33 696 36 699 -
14 622 33 643 ³³
15 591 24 602 '³
16 418 43 511 ³:0²2?
30 351 32 356 <
27 131 45 245 Λ
38 51 42 65 ,,

45 479 49 482 ›
45 277 47 281 ·
42 174 60 257 :2133oe
45 133 53 146 ¹¹³
43 23 76 101 ,δὲ’-,υ
54 4 57 5 ¹

77 0 104 58 :Tar

602 202 880 251 Quansrto
920 202 1125 242 Lxxvu.
1165 200 1475 243 Auncums
1514 199 1571 240 11.
1968 183 2076 254 683Δ

15 303 47 364 1533
116 314 213 350 non
236 318 348 363 ergo
379 304 569 353 videtur.
601 305 725 365 quod
756 305 984 383 quantitas
1014 304 1268 350 dimensiva
1297 303 1442 364 possit
1471 316 1572 348 esse
1595 301 1856 362 subjectum
1874 300 2082 346 acciden-

28 366 45 378 “
114 369 336 426 dentium,
362 386 478 431 quae
505 382 743 417 remanent
766 374 813 417 in
838 373 929 417 hoc
956 380 1259 417 sacramento.

188 450 248 493 4.
275 438 572 485 PRAETEREA.
602 438 846 492 Quantitas
872 454 898 484 a
923 439 1126 498 subiecto
1153 448 1358 498 separata
1388 436 1566 482 videtur
1598 450 1701 491 esse
1729 435 1956 496 quantitas
1982 448 2077 479 ma-

114 504 378 561 thematica‚
405 521 520 566 quae
546 521 640 551 non
668 517 736 551 est
761 507 1014 566 subjectum
1042 506 1312 566 qualitatum
1345 503 1649 560 sensibilium3
1684 518 1791 548 cum
1823 517 1934 563 ergo
1967 501 2083 547 acci-

116 572 283 627 dentia,
309 587 427 633 quae
451 584 690 619 remanent
713 574 761 618 in
786 574 876 618 hoc
903 584 1207 627 sacramento,
1233 573 1323 618 sint
1353 570 1598 625 sensibilia,
1624 570 1802 615 videtur
1832 569 1958 630 quod
1986 583 2080 613 non

115 640 292 699 possint
318 654 416 686 esse
453 641 499 685 in
535 641 625 685 hoc
662 651 965 698 sacramento,
992 641 1108 684 sicut
1143 641 1191 683 in
1227 639 1447 697 subjecto,
1474 639 1521 682 in
1547 638 1796 698 quantitate
1828 636 2083 682 dimensiva

114 707 260 766 panis,
285 717 331 752 et
355 707 449 752 vini
474 718 740 752 remanente
766 718 870 767 post
892 707 1303 751 consecrationem.
2046 701 2049 704 ’

204 773 300 820 SED
326 787 522 821 CONTRA
549 786 630 829 est,
657 776 779 835 quod
812 776 1052 834 qualitates
1083 789 1179 819 non
1211 784 1315 819 sunt
1347 773 1593 819 divisibiles
1623 774 1711 818 nisi
1741 787 1821 832 per
1852 772 2079 828 accidens,

112 839 288 885 scilicet
312 844 489 887 ratione
514 842 727 900 subjecti:
757 842 1017 886 dividuntur
1043 851 1198 885 autem
1225 840 1464 900 qualitates
1491 851 1780 886 remanentes
1811 840 1859 884 in
1891 839 1982 884 hoc
2015 853 2081 884 sa-

114 918 350 953 eramento
376 923 456 968 per
481 909 755 954 divisionem
777 909 1038 968 quantitatis
1064 908 1359 962 dimensivae,
1378 908 1494 952 sicut
1514 918 1637 967 patet
1659 908 1714 952 ad
1737 921 1946 962 sensum3
1968 919 2079 966 ergo

113 975 341 1034 quantitas
373 976 627 1021 dimensiva
658 986 726 1020 est
757 976 1012 1035 subjectum
1046 975 1368 1028 accidentium,
1395 976 1785 1033 quae'remanent
1814 975 1863 1019 in
1892 974 1983 1019 hoc
2015 987 2081 1018 sa-

115 1052 365 1087 eramento.

197 1108 494 1161 RESPONDEO
532 1110 792 1164 dicendum,
825 1110 947 1169 quod
973 1123 1162 1155 necesse
1190 1119 1258 1155 est
1282 1108 1434 1153 dicere
1476 1108 1727 1153 accidentia
1754 1108 1857 1163 alia,
1879 1121 1995 1168 quae
2016 1121 2082 1152 re-

112 1186 301 1223 manent
331 1177 379 1220 in
413 1177 504 1222 hoc
542 1187 846 1233 sacramento,
874 1192 973 1222 esse
1009 1178 1126 1222 sicut
1156 1178 1203 1221 in
1236 1177 1439 1234 subjecto
1472 1176 1519 1219 in
1552 1176 1801 1235 quantitate
1828 1174 2081 1232 dimensiva

109 1243 255 1304 panis,
279 1242 355 1288 vel
378 1244 474 1288 vini
498 1255 789 1290 remanente:
811 1247 956 1304 primo
983 1245 1169 1304 quidem
1192 1258 1272 1304 per
1297 1244 1389 1288 hoc
1416 1243 1540 1302 quod
1572 1242 1628 1287 ad
1661 1257 1847 1287 sensum
1879 1251 2080 1302 apparet,

111 1309 280 1370 aliquid
305 1322 529 1371 quantum
561 1325 660 1357 esse
691 1312 753 1357 ibi
785 1312 1060 1366 coloratum,
1093 1321 1136 1356 et
1168 1311 1268 1356 aliis
1299 1309 1611 1355 accidentibus
1644 1309 1883 1364 affectum;
1915 1323 2001 1353 nec
2033 1308 2080 1352 in

109 1377 275 1434 talibus
299 1392 459 1424 sensus
480 1379 725 1439 decipitur:
751 1380 943 1435 secundo,
967 1380 1072 1439 quia
1098 1379 1246 1438 prima
1263 1378 1502 1438 dispositio
1520 1378 1738 1423 materiae
1762 1387 1830 1422 est
1851 1376 2079 1437 quantitas

111 1444 388 1501 dimensiva;
414 1447 534 1491 unde
561 1457 606 1491 et
630 1446 762 1492 Plato
790 1447 940 1506 posuit
964 1447 1134 1507 primas
1156 1445 1433 1491 differentias
1455 1445 1673 1491 materiae
1695 1459 1897 1504 magnum
1918 1454 1963 1488 et
1978 1451 2082 1503 par-

109 1527 213 1557 vum
237 1513 309 1571 (ex
334 1514 465 1559 Arist.
488 1514 560 1559 lib.
587 1531 621 1560 r.
649 1515 831 1574 Metaph.
858 1522 938 1560 tex.
964 1515 1028 1572 8.)
1041 1530 1058 1567 ‚¹
1086 1524 1130 1559 et
1155 1515 1260 1573 quia
1285 1515 1484 1572 primum
1507 1513 1762 1572 subjectum
1784 1522 1852 1558 est
1872 1511 2078 1566 materia,

111 1593 397 1639 consequens
423 1591 488 1626 est
515 1581 637 1641 quod
661 1582 818 1626 omnia
842 1582 928 1626 alia
948 1581 1199 1626 accidentia
1216 1580 1469 1625 referantur
1486 1581 1540 1624 ad
1558 1581 1830 1639 subjectum,
1847 1579 2078 1624 mediante

111 1648 360 1707 quantitate
386 1647 660 1703 dimensiva;
688 1649 805 1693 sicut
831 1659 875 1693 et
897 1651 1097 1708 primum
1123 1648 1376 1706 subjectum
1403 1647 1572 1692 coloris
1605 1647 1767 1700 dicitur
1799 1660 1898 1692 esse
1929 1660 2079 1705 super—

110 1712 259 1770 ficies3
285 1714 461 1759 ratione
488 1716 614 1773 cujus
641 1715 828 1774 quidam
864 1725 1126 1774 posuerunt,
1155 1714 1463 1759 dimensiones
1490 1728 1588 1759 esse
1615 1714 1886 1758 substantias
1919 1727 2080 1773 corpo-

109 1794 227 1838 rum,
253 1791 302 1825 ut
325 1781 488 1827 dicitur
512 1783 560 1826 in
590 1797 626 1828 1.
653 1783 854 1842 Metaph.
880 1786 980 1841 (tex.
1007 1799 1071 1842 19.
1099 1790 1137 1828 et
1159 1782 1289 1842 seq.).·
1318 1792 1362 1826 et
1388 1783 1494 1842 quia
1519 1782 1750 1826 subtracto
1773 1781 1993 1840 subjecto,
2011 1794 2078 1825 re-

109 1858 299 1893 manent
324 1849 578 1894 accidentia
600 1851 854 1901 secundum
869 1865 981 1904 esse,
999 1850 1121 1909 quod
1145 1850 1267 1908 prius
1290 1849 1533 1903 habebant,
1552 1863 1836 1909 consequens
1854 1858 1934 1903 est,
1953 1847 2076 1907 quod

110 1915 267 1959 omnia
293 1916 545 1960 accidentia
571 1926 837 1962 remaneant
860 1917 1047 1961 fundata
1073 1931 1207 1976 super
1234 1916 1535 1976 quantitatem
1572 1916 1898 1960 dimensivam:
1935 1916 2074 1970 tertio,

110 1981 217 2042 quia
248 1996 355 2026 cum
387 1983 641 2041 subjectum
673 1984 730 2028 sit
760 1984 1032 2044 principium
1064 1981 1437 2028 individuationis
1471 1983 1792 2037 accidentium,
1818 1991 2000 2042 oportet
2030 1981 2075 2026 id

109 2047 234 2108 quod
259 2049 443 2108 ponitur
465 2049 723 2110 aliquorum
750 2051 1058 2096 accidentium
1075 2051 1345 2109 subjectum,
1369 2064 1468 2095 esse
1496 2049 1649 2109 aliquo
1667 2050 1809 2095 modo
1828 2049 2078 2094 individua-

107 2115 246 2160 tionis
271 2115 558 2176 principium.
585 2117 664 2162 Est
685 2128 838 2162 autem
860 2118 915 2163 de
935 2119 1112 2162 ratione
1137 2117 1372 2171 individui,
1390 2117 1514 2176 quod
1531 2131 1625 2161 non
1641 2117 1785 2176 possit
1803 2117 1851 2160 in
1873 2116 2075 2176 pluribus

109 2195 231 2237 esse3
256 2182 379 2242 quod
405 2183 590 2243 quidem
617 2185 841 2244 contingit
865 2185 1113 2245 dupliciter:
1139 2200 1224 2230 uno
1256 2184 1392 2238 mod0,
1427 2184 1533 2243 quia
1564 2198 1659 2228 non
1693 2195 1761 2229 est
1790 2194 1950 2228 natum
1976 2197 2076 2228 esse

106 2248 155 2294 in
181 2248 360 2309 aliquo;
387 2260 432 2295 et
455 2250 545 2295 hoc
573 2251 716 2296 modo
741 2251 919 2297 formae
952 2251 1277 2297 immateriales
1311 2261 1548 2311 separatae
1581 2265 1660 2311 per
1695 2266 1744 2295 se
1778 2251 2074 2296 subsistentes

108 2325 213 2361 sunt
237 2317 379 2361 etiam
404 2331 484 2377 per
509 2318 679 2378 seipsas
704 2319 989 2364 individuae:
1017 2319 1101 2364 alio
1134 2318 1254 2363 modo
1282 2333 1335 2363 ex
1358 2332 1414 2363 eo
1438 2317 1561 2378 quod
1581 2317 1732 2363 forma
1754 2317 2075 2376 substantialis,

108 2382 184 2428 vel
208 2383 502 2429 accidentalis
527 2395 595 2430 est
620 2386 805 2444 quidem
830 2396 936 2431 nata
961 2387 1009 2430 in
1035 2386 1188 2446 aliquo
1216 2400 1329 2440 esse,
1347 2399 1442 2430 non
1463 2395 1620 2430 tamen
1641 2386 1688 2430 in
1709 2385 1935 2445 pluribus;
1958 2386 2076 2431 sicut

66 2491 67 2494 ,
107 2449 225 2495 haec
246 2450 424 2505 albedo,
452 2466 568 2511 quae
595 2463 663 2497 est
686 2453 733 2497 in
760 2454 851 2498 hoc
877 2468 1085 2514 corpore.
1122 2454 1359 2506 Quantum
1392 2453 1530 2513 igitur
1563 2453 1618 2498 ad
1645 2455 1854 2513 primum,
1883 2453 2074 2498 materia

110 2527 179 2561 est
203 2517 572 2564 individuationis
599 2519 873 2579 principium
891 2522 1104 2565 omnibus
1121 2520 1281 2565 formis
1298 2520 1659 2567 inhaerentibus:
1677 2521 1783 2580 quia
1802 2536 1907 2566 cum
1924 2521 2075 2579 hujus-

107 2584 237 2629 modi
259 2582 451 2639 formae,
478 2595 699 2644 quantum
726 2597 794 2632 est
819 2588 875 2632 de
900 2602 963 2642 se,
986 2589 1074 2632 sint
1099 2598 1232 2632 natae
1255 2588 1301 2632 in
1329 2587 1483 2647 aliquo
1511 2602 1609 2632 esse
1636 2588 1753 2632 sicut
1777 2587 1824 2632 in
1851 2588 2072 2647 subjecto,

108 2664 163 2696 ex
188 2665 280 2710 quo
299 2650 451 2711 aliqua
467 2666 623 2698 earum
645 2654 860 2713 recipitur
882 2656 927 2699 in
950 2656 1156 2710 materia,
1174 2669 1290 2715 quae
1312 2669 1406 2699 non
1429 2664 1495 2699 est
1513 2655 1560 2699 in
1579 2655 1684 2708 alio,
1707 2656 1799 2713 jam
1816 2669 1900 2699 nec
1923 2653 2072 2698 forma

106 2717 206 2777 ipsa
230 2717 295 2763 sic
321 2719 517 2764 existens
543 2730 693 2779 potest
718 2721 763 2765 in
791 2721 882 2766 alio
909 2737 1020 2767 esse.
1051 2722 1291 2775 Quantum
1317 2733 1470 2767 autem
1494 2722 1549 2766 ad
1571 2723 1808 2777 secundum,
1827 2722 2071 2766 dicendum

107 2794 176 2829 est
201 2784 324 2844 quod
350 2786 719 2832 individuationis
745 2788 1018 2849 principium
1056 2800 1123 2835 est
1158 2790 1385 2849 quantitas
1413 2790 1694 2834 dimensiva:
1733 2802 1787 2833 ex
1819 2788 1910 2832 hoc
1947 2787 2071 2832 enim

106 2850 276 2911 aliquid
303 2863 371 2897 est
394 2862 554 2898 natum
580 2868 678 2901 esse
703 2854 749 2898 in
772 2870 864 2900 uno
891 2856 1008 2911 solo,
1027 2857 1149 2916 quod
1175 2857 1286 2902 illud
1311 2867 1377 2902 est
1401 2857 1446 2900 in
1470 2871 1517 2901 se
1534 2856 1793 2911 indivisum,
1814 2865 1858 2899 et
1874 2854 2071 2899 divisum

107 2918 160 2963 ab
188 2920 402 2964 omnibus
429 2919 542 2965 aliis.
566 2922 744 2966 Divisio
769 2932 924 2968 autem
951 2925 1117 2969 accidit
1141 2925 1418 2968 substantiae
1445 2925 1619 2967 ratione
1647 2922 1923 2982 quantitatis,
1941 2931 1990 2966 ut
2011 2921 2074 2966 di-

106 2985 221 3031 citur
254 2987 303 3030 in
343 3000 379 3031 1.
415 2987 651 3047 Physicor.
679 2990 780 3047 (tex.
818 3005 872 3049 15.
900 2997 936 3035 et
962 2991 1061 3047 r6.).
1099 2991 1156 3035 Et
1186 2992 1290 3035 ideo
1326 2992 1424 3050 ipsa
1462 2989 1688 3049 quantitas
1725 2989 1978 3033 dimensiva
2004 2999 2072 3033 est

105 3052 339 3112 quoddam
370 3054 744 3100 individuationis
775 3058 1049 3116 principium
1086 3058 1353 3117 hujusmodi
1383 3057 1557 3110 formis,
1590 3056 1858 3115 inquantum
1898 3055 2072 3100 scilicet

105 3119 309 3166 diversae
333 3119 511 3166 formae
532 3135 728 3168 numero
746 3134 850 3168 sunt
874 3125 921 3168 in
945 3125 1132 3170 diversis
1155 3126 1353 3184 partibus
1376 3124 1606 3177 materiae,
1624 3122 1742 3166 unde
1760 3134 1804 3167 et
1820 3122 1917 3181 ipsa
1935 3136 2073 3182 quan-

103 3185 208 3232 titas
233 3187 486 3233 dimensiva
511 3191 764 3235 secundum
792 3205 841 3236 se
864 3191 1003 3236 habet
1029 3193 1259 3252 quandam
1286 3190 1717 3235 individuationem:
1744 3189 1807 3233 ita
1830 3190 1951 3248 quod
1972 3203 2072 3250 pos·

106 3266 264 3298 sumus
297 3254 541 3314 imaginari
573 3257 723 3315 plures
762 3257 904 3303 lineas
942 3260 1147 3317 ejusdem
1184 3258 1365 3318 speciei,
1403 3256 1660 3301 differentes
1686 3256 1928 3315 positione,
1954 3271 2071 3316 quae

106 3319 226 3365 cadit
250 3320 299 3365 in
323 3322 499 3367 ratione
524 3323 658 3382 hujus
687 3325 974 3384 quantitatis:
1003 3326 1217 3371 convenit
1245 3325 1367 3370 enim
1394 3323 1681 3377 dimensioni,
1705 3323 1827 3382 quod
1852 3324 1910 3368 sit
1934 3338 2071 3383 quan-

104 3385 210 3431 titas
233 3388 511 3447 positionem
533 3390 720 3445 habens,
749 3402 793 3436 et
817 3393 922 3437 ideo
950 3394 1099 3451 potius
1118 3393 1343 3451 quantitas
1362 3390 1616 3435 dimensiva
1638 3400 1788 3449 potest
1809 3403 1907 3435 esse
1929 3391 2071 3451 subje-

106 3460 232 3497 ctum
258 3453 455 3499 aliorum
481 3456 802 3516 accidentium,
829 3472 967 3517 quam
995 3473 1019 3503 e
1047 3473 1287 3504 converso.

192 3518 480 3567 Anmmuu
505 3537 616 3583 ergo
649 3523 909 3578 dicendum,
938 3525 1061 3584 quod
1088 3526 1297 3570 accidens
1324 3539 1405 3583 per
1431 3537 1480 3569 se
1506 3537 1599 3568 non
1626 3532 1776 3582 potest
1801 3537 1900 3569 esse
1926 3523 2070 3583 subje-

106 3594 235 3631 ctum
258 3585 442 3634 alterius
470 3589 731 3644 accidentis,
765 3589 871 3649 quia
892 3604 973 3650 per
988 3605 1037 3637 se
1051 3605 1147 3637 non
1166 3602 1256 3642 est:
1273 3590 1525 3636 secundum
1546 3604 1655 3635 vero
1673 3590 1797 3650 quod
1813 3601 1883 3636 est
1896 3590 1944 3636 in
1961 3590 2068 3647 alio,
