2352 3926
639 202 921 273 omns-rto
962 225 1019 264 11.
1058 225 1368 265 Assrmums
1406 226 1482 265 xl.
1966 227 2036 283 47

20 322 49 381 “Ῐ-·’;
102 366 105 368 «
163 330 260 378 San
277 329 993 390 comeanuodAugustinus
1010 330 1120 375 dicit
1135 330 1183 374 in
1202 330 1276 375 lib.
1291 330 1346 375 de
1358 330 1802 376 Praedestin.Sanct.
1814 332 1924 391 (cap.
1939 333 2036 390 15.).·

62 398 340 459 „ns-Quisquis
365 400 410 443 in
437 397 585 457 capite
610 406 768 442 nostro
795 397 1115 457 praecedentia
1136 398 1296 442 merita
1323 398 1562 458 singularis
1583 397 1703 443 illius
1729 399 2035 458 generationis

14 465 308 521 {invenerin
333 465 429 525 ipse
454 464 501 508 in
523 464 654 509 nobis
684 464 903 509 membris
930 466 1025 523 ejus
1042 464 1360 524 praecedentia
1377 466 1538 510 merita
1560 465 1887 526 multiplicatae
1907 479 2037 525 rege-

17 524 56 565 ”·’
69 532 318 581 fimtionis
334 532 531 592 inquirat
546 548 569 573 n
586 545 597 575 ε
617 531 696 576 sed
713 530 839 575 nulla
857 532 1021 576 merita
1042 542 1387 591 praecesserunt
1404 535 1800 591 regenerationem
1815 542 2036 587 nostram,

17 591 47 631 ‚²
68 600 323 647 seeundum
347 597 459 643 illud
492 599 548 643 ad
582 597 742 643 Titum
772 612 831 657 3.:
859 599 959 644 Non
989 614 1039 643 ex
1070 600 1262 658 operibus
1288 601 1490 657 justitiae,
1525 614 1627 658 quae
1644 601 1824 658 fecimus
1847 614 1936 654 nos,
1969 600 2035 645 sed

2 663 26 716 {3³
66 667 285 715 wadum
314 681 434 711 suam
461 666 790 711 misericordiam
812 666 950 710 salvos
974 681 1046 711 nos
1075 667 1175 724 fecit
1203 674 1281 725 per
1306 666 1526 710 lavacrum
1553 669 1893 725 regenerationis.-
1921 681 2033 726 ergo

65 749 152 782 nec
173 733 302 780 illam
328 733 501 779 Christi
525 735 868 793 generationem
894 733 1045 792 aliqua
1071 734 1232 777 merita
1257 743 1612 792 praecesserunt.

10 807 35 830 Τ
81 831 84 832 ⁷
152 801 442 848 Rnsponmso
459 800 718 854 dicendum,
735 800 858 860 quod
880 810 1101 876 quantum
1129 799 1184 843 ad
1210 800 1361 858 ipsum
1380 799 1632 854 Christum,
1652 801 1945 847 manifestum
1966 813 2034 847 est

0 902 19 944 ἓ
66 879 123 916 ex
145 869 404 930 praemissis
433 867 535 925 (art.
552 869 729 927 praec)
753 867 875 927 quod
898 866 1023 911 nulla
1040 868 1136 925 ejus
1154 867 1316 912 merita
1341 877 1586 926 potuerunt
1609 868 1883 926 praecedere
1905 871 2031 914 unio-

0 945 23 1000 ξ
65 946 196 985 nem:
221 946 317 981 non
341 935 465 980 enim
497 937 724 995 ponimus,
758 935 880 994 quod
913 946 1016 979 ante
1047 933 1183 979 fuerit
1207 948 1345 994 purus
1377 934 1537 987 homo,
1565 945 1609 978 et
1636 945 1796 993 postea
1830 949 1910 995 per
1937 947 2033 981 me·

0 997 29 1084 ζ
66 1003 203 1050 titum
232 1003 380 1048 bonae
405 1003 524 1047 vitae
551 1001 795 1047 obtinuerit
820 1015 918 1046 esse
945 1001 1084 1045 Filius
1099 1002 1211 1055 Dei3
1244 1001 1361 1046 sicut
1385 1001 1538 1060 posuit
1563 1002 1814 1046 Photinus.
1845 1003 1923 1048 sed
1950 1017 2028 1062 po-

0 1070 17 1123 ζ’
64 1071 231 1126 nimuS,
256 1071 377 1131 quod
405 1083 431 1114 a
456 1068 680 1129 principio
713 1082 821 1113 suae
848 1069 1161 1127 conceptionis
1186 1068 1264 1112 ille
1289 1069 1435 1112 homo
1461 1082 1567 1112 vere
1596 1068 1730 1112 fuerit
1755 1069 1894 1114 Filius
1921 1071 2025 1125 Dei,

66 1145 223 1198 utpote
238 1148 333 1183 non
348 1137 521 1182 habens
539 1136 677 1180 aliam
694 1136 995 1196 hypostasim,
1013 1150 1152 1195 quam
1165 1135 1266 1179 Filii
1279 1135 1382 1189 Dei,
1400 1135 1653 1180 secundum
1671 1135 1782 1179 illud
1802 1137 1953 1181 Lucae
1977 1151 2027 1182 1.:

0 1199 27 1291 ξ
68 1205 194 1264 Quod
215 1219 265 1252 ex
290 1211 328 1251 te
350 1211 539 1250 nascetur
562 1210 766 1257 sanctum,
784 1205 1006 1248 vocabitur
1022 1203 1156 1247 Filius
1173 1204 1285 1255 Dei;
1306 1212 1350 1246 et
1375 1202 1480 1246 ideo
1504 1203 1654 1247 omnis
1677 1203 1884 1262 operatio
1909 1203 2030 1249 illius

63 1272 274 1320 hominis
281 1271 522 1317 subsecuta
538 1277 606 1316 est
620 1271 863 1325 unionem;
891 1284 1001 1329 ergo
1019 1269 1144 1313 nulla
1161 1270 1257 1326 ejus
1284 1269 1490 1328 operatio
1516 1270 1664 1328 potuit
1690 1283 1789 1314 esse
1812 1271 2028 1316 meritum

12 1331 268 1386 imonis:
295 1338 374 1384 sed
398 1352 548 1399 neque
564 1340 702 1383 etiam
719 1350 859 1397 opera
885 1337 1068 1381 alterius
1086 1338 1415 1396 cujuscumque
1433 1337 1635 1381 hominis
1653 1347 1901 1396 potuerunt
1924 1351 2024 1384 esse

65 1407 299 1452 meritoria
303 1405 467 1474 hujus
503 1405 684 1450 unionis
711 1419 765 1450 ex
791 1404 1046 1464 condigno:
1073 1405 1216 1464 primo
1249 1404 1449 1463 quidem,
1482 1404 1589 1464 quia
1621 1419 1761 1464 opera
1794 1406 2029 1451 meritoria

13 1473 267 1519 hominis
291 1465 472 1534 proprie
497 1472 763 1516 ordinantur
789 1471 845 1516 ad
869 1471 1212 1525 beatitudinem,
1239 1485 1376 1530 quae
1383 1481 1451 1515 est
1481 1471 1658 1516 virtutis
1685 1473 1960 1531 praemium,
1982 1483 2028 1519 et

0 1537 39 1590 fs
66 1541 272 1587 consistit
305 1540 352 1585 in
386 1539 522 1600 plena
556 1539 646 1584 Dei
679 1538 916 1584 fruitione:
943 1539 1053 1582 unio
1090 1549 1243 1583 autem
1269 1539 1611 1593 incarnationis,
1639 1552 1745 1583 cum
1772 1541 1830 1584 sit
1853 1540 1901 1584 in
1928 1554 2027 1585 esse

12 1604 14 1606 ’
66 1606 309 1668 personali,
333 1606 610 1652 transcendit
635 1605 854 1650 unionem
879 1605 1038 1650 beatae
1062 1606 1226 1650 mentis
1257 1605 1313 1650 ad
1338 1605 1505 1660 Deum,
1528 1620 1645 1666 quae
1671 1616 1739 1650 est
1764 1621 1845 1666 per
1872 1617 2026 1652 actum

65 1674 268 1729 statutis,
293 1684 339 1720 et
361 1674 469 1720 ideo
492 1685 587 1719 non
613 1683 761 1732 potest
794 1673 955 1717 cadere
977 1673 1057 1717 sub
1081 1673 1245 1717 merito
1265 1688 1275 1718 :
1300 1673 1492 1729 secundo,
1526 1673 1632 1732 quia
1658 1674 1802 1732 gratia
1828 1689 1922 1719 non
1948 1689 2026 1734 po-

0 1787 6 1792 ,,
64 1751 152 1787 teat
185 1741 347 1787 cadere
380 1742 462 1786 sub
497 1741 677 1795 merito‚
713 1740 983 1800 principium
1021 1740 1142 1784 enim
1176 1739 1325 1784 meriti
1355 1752 1450 1783 non
1491 1740 1611 1784 cadit
1645 1741 1727 1784 sub
1764 1742 1945 1797 merito,
1982 1753 2028 1787 et

62 1807 169 1854 ideo
193 1819 278 1854 nec
302 1809 399 1868 ipsa
424 1804 584 1866 gratia,
609 1807 714 1866 quia
741 1817 808 1851 est
834 1805 1037 1851 merendi
1064 1807 1362 1865 principium;
1389 1807 1508 1851 unde
1535 1806 1681 1851 multo
1709 1808 1860 1852 minus
1886 1809 2027 1853 incar-

0 1887 29 1963 ἱ
62 1875 189 1920 natio
206 1874 327 1920 cadit
341 1875 422 1920 sub
439 1875 619 1929 merito,
646 1888 762 1933 quae
790 1884 856 1918 est
877 1874 1149 1933 principium
1177 1874 1363 1932 gratiae,
1389 1874 1641 1918 secundum
1667 1874 1778 1919 illud
1799 1875 1930 1934 Joan.
1962 1889 1996 1921 r.

63 1942 234 1996 Gratia,
261 1948 297 1988 tt
326 1944 481 1988 veritas
505 1950 586 2002 per
604 1943 744 1998 Jesum
773 1942 983 1986 Christum
1000 1941 1124 1999 facta
1155 1947 1227 1985 est:
1262 1943 1398 1994 tertio,
1434 1943 1538 2000 quia
1565 1942 1819 1986 incarnatio
1848 1942 2020 1988 Christi

18 2012 32 2065 'f
63 2020 132 2057 eet
154 2009 447 2056 reformativa
477 2010 616 2054 totius
647 2009 879 2053 humanae
905 2016 1107 2061 naturae,
1135 2018 1180 2052 et
1211 2008 1315 2052 ideo
1348 2022 1442 2052 non
1476 2009 1596 2052 cadit
1629 2009 1709 2053 sub
1743 2010 1907 2054 merito
1941 2011 2023 2054 ali-

61 2078 189 2138 cujus
213 2071 414 2123 hominis
440 2076 702 2136 singularis:
730 2076 835 2136 quia
855 2075 1030 2120 bonum
1057 2075 1247 2134 aliquus
1273 2077 1372 2134 puri
1399 2076 1601 2120 hominis
1626 2090 1720 2120 non
1751 2087 1901 2136 potest
1923 2092 2022 2123 esse

60 2152 200 2191 cansa
221 2144 332 2189 boni
356 2144 495 2189 totius
519 2154 728 2188 naturae:
756 2155 811 2187 ex
837 2155 1044 2203 congruo
1065 2152 1221 2187 tamen
1247 2153 1511 2187 meruerunt
1532 2144 1678 2187 sancti
1699 2144 1855 2189 Patres
1881 2145 2023 2190 incar-

19 2210 296 2275 Jssgfiationem
320 2210 634 2265 desiderando,
661 2221 706 2256 et
730 2210 950 2270 petendo:
981 2221 1239 2269 congruum
1265 2210 1389 2255 enim
1421 2220 1530 2265 erat,
1556 2220 1606 2255 ut
1635 2211 1764 2256 Deus
1791 2212 2022 2258 exaudiret

28 2290 159 2334 ωε,
185 2279 263 2340 qui
287 2279 330 2324 ei
355 2278 640 2324 obediebant.

16 2345 54 2404 Jjjf·
79 2360 122 2381 w
147 2345 205 2392 Bt
227 2356 310 2407 per
331 2346 423 2392 hoc
449 2355 573 2405 patet
597 2345 835 2406 responsio
861 2358 927 2390 AD
953 2357 1164 2390 PRIMUM.

146 2412 223 2459 An
255 2425 516 2460 stomun
548 2413 807 2467 dicendum,
842 2411 964 2472 quod
996 2412 1088 2456 hoc
1116 2421 1185 2457 est
1208 2411 1390 2467 falsum,
1423 2412 1545 2472 quod
1581 2413 1663 2457 sub
1700 2413 1864 2458 merito
1901 2414 2022 2458 cadit

51 2490 197 2527 ὀωιιε
220 2478 349 2536 illud,
373 2481 473 2526 sine
497 2479 620 2540 quod
646 2480 902 2540 praemium
925 2492 1024 2524 esse
1045 2493 1140 2523 non
1166 2489 1337 2539 potest3
1361 2479 1587 2539 quaedam
1615 2480 1739 2524 enim
1762 2490 1880 2535 sunt,
1902 2495 2019 2540 quae

57 2561 152 2595 non
175 2547 327 2594 solum
352 2548 640 2607 requiruntur
662 2547 718 2591 ad
744 2547 1029 2624 praemium,
1041 2546 1119 2591 sed
1147 2547 1286 2591 etiarn
1308 2548 1658 2607 praeexiguntur
1690 2547 1745 2592 ad
1777 2548 2019 2603 meritum;

11 2610 176 2670 &deut
193 2611 346 2660 divina
370 2615 564 2669 bonitas,
587 2625 632 2659 et
647 2616 744 2673 ejus
771 2614 929 2673 gratia,
952 2623 997 2658 et
1016 2613 1115 2673 ipsa
1136 2614 1337 2658 hominis
1363 2623 1546 2659 natura·
1575 2625 1620 2659 et
1645 2614 1888 2660 similiter
1877 2630 2021 2660 incar-

7 2682 257 2729 nationis
278 2682 547 2742 mysterium
573 2691 642 2726 est
662 2680 935 2741 principium
958 2681 1178 2735 merendi,
1205 2681 1311 2741 quia
1336 2681 1387 2726 de
1404 2682 1660 2742 plenitudine
1692 2682 1850 2728 Christi
1880 2698 2019 2728 omnes

56 2749 303 2810 mapinius,
329 2759 378 2794 ut
402 2749 566 2794 dicitur
583 2748 715 2807 Joan.
747 2762 783 2793 ι.

126 2815 221 2862 AD
253 2828 470 2862 TERTIUM
500 2816 760 2870 dicendum,
793 2815 915 2875 quod
941 2815 1074 2860 beata
1098 2814 1243 2874 Virgo
1277 2815 1440 2860 dicitur
1466 2817 1685 2861 meruisse
1710 2825 1891 2894 portare
1922 2816 2015 2860 D0=

15 2881 234 2929 ,ὶιιιὶιιιιιιι
258 2883 483 2938 omnium,
497 2897 591 2928 non
617 2883 724 2943 quia
749 2883 915 2927 meruit
934 2883 1086 2959 ipsum
1111 2882 1352 2938 incarnari,
1371 2883 1451 2928 sed
1478 2883 1582 2943 quia
1605 2885 1770 2929 meruit
1795 2898 1849 2928 ex
1872 2883 2018 2943 gratia.

18 2947 141 3009 {sibi
182 2949 289 2996 data
327 2950 459 2996 illum
499 2951 719 3011 puritatis,
760 2960 805 2995 et
845 2950 1096 2996 sanctitatis
1138 2950 1346 3009 gradum,
1388 2960 1437 2994 ιιι
1477 2964 1680 3010 congrue
1720 2960 1875 3009 posset
1915 2963 2014 2994 esse

17 3027 201 3075 qnater
228 3017 331 3064 Dei.

729 3143 1164 3202 ARTICULUS
1203 3144 1331 3199 XII.
1959 3158 2011 3203 18

138 3273 332 3312 UTRUM
359 3272 563 3312 GRATIA
593 3273 820 3313 UNIONIS
849 3273 1046 3312 FUERIT
1080 3273 1284 3314 HOMINI
1318 3273 1556 3312 CHRISTO
1592 3272 1918 3311 NATURALIS.

419 3373 548 3431 (Insr.
580 3389 618 3432 q
653 3388 691 3433 7.
724 3380 804 3418 art.
840 3386 897 3433 13.
931 3375 985 3418 ad
1016 3389 1055 3419 2.
1089 3381 1130 3419 et
1161 3390 1198 3432 q.
1227 3386 1308 3434 34.
1318 3357 1412 3422 οὒτ’.
1438 3390 1474 3434 3.
1509 3375 1562 3419 ad
1595 3389 1634 3418 2.

687 3447 784 3500 et3.
818 3442 928 3486 Dist.
959 3454 1002 3499 4.
1036 3457 1074 3500 q.
1104 3457 1138 3500 3.
1173 3447 1253 3486 art.
1280 3441 1367 3501 24²).

27 3593 57 3604 ,Μ
141 3548 219 3595 AD
244 3562 572 3595 DUODECIMUM
597 3551 661 3595 sic
688 3549 960 3610 procfldatur
987 3552 1191 3604 Videtur,
1219 3551 1341 3610 quod
1365 3552 1507 3609 gratia
1542 3550 1722 3594 unionis
1754 3565 1848 3595 non
1875 3550 2008 3596 suerit

20 3611 231 3669 {homini
256 3617 442 3663 Christo
467 3617 706 3663 naturalis:
741 3616 850 3663 unio
883 3619 1006 3663 enim
1033 3619 1357 3664 incarnationis
1390 3633 1482 3663 non
1516 3628 1583 3662 est
1613 3617 1733 3663 facta
1759 3620 1804 3663 in
1830 3629 2006 3675 natura,
