2352 3926
563 257 843 304 QUAEs'rlo
883 256 1030 296 Lxlv.
1071 256 1379 297 ARTICULUS
1418 255 1492 296 v1.
1920 257 2025 311 539

0 359 13 398 ἒ
69 361 314 415 eharitatis,
340 360 379 405 si
402 361 460 405 sit
477 362 631 419 justus,
659 359 853 420 amplius
874 359 1203 405 sanctificatur:
1230 359 1269 404 si
1294 373 1406 403 vero
1428 359 1486 404 sit
1507 367 1737 417 peccator,
1754 370 1841 416 per
1859 356 1951 401 hoc
1975 356 2030 400 ad

69 428 355 477 sanctitatem
382 427 653 487 disponitur:
680 428 760 472 sed
786 438 1071 473 sacramenta
1103 427 1150 471 in
1176 427 1335 486 seipsis
1362 425 1772 471 sanctificationem
1799 423 2029 484 quandam

67 494 237 540 habent
262 509 343 554 per
375 494 617 554 mysticam
646 495 1055 547 consecrationem,
1082 504 1126 538 et
1151 493 1256 537 ideo
1291 493 1594 552 praeexigitur
1619 493 1666 535 in
1692 491 1901 535 ministro
1935 504 2033 534 san-

42 561 199 618 ⁸ntitas
223 561 435 620 justitiae,
460 571 509 605 ut
526 571 748 620 congruat
772 575 856 605 suo
885 561 1162 614 ministeri03
1187 571 1230 604 et
1254 561 1360 604 ideo
1383 560 1635 619 incongrue
1655 559 1761 618 agit,
1784 569 1829 602 et
1853 566 2032 618 peccat,

68 628 107 675 si
130 629 179 674 in
200 638 391 688 peccato
420 628 615 674 existens
642 628 697 672 ad
719 627 809 672 tale
836 627 1139 671 ministerium
1167 627 1366 671 accedat.

156 697 234 741 An
259 708 521 741 SECUNDUM
548 694 808 748 dicendum,
841 693 962 753 quod
994 693 1072 737 ille
1105 694 1182 752 qui
1215 694 1271 737 ad
1302 703 1588 738 sacramenta
1623 692 1813 746 accedit,
1846 691 2035 751 suscipit

68 773 355 809 sacramenta
388 777 414 806 a
446 762 655 806 ministro
689 760 936 814 Ecclesiae,
961 774 1056 804 non
1082 760 1350 818 inquantum
1386 770 1450 804 est
1483 759 1585 804 talis
1618 774 1828 819 persona,
1860 759 1940 803 sed
1965 760 2033 803 in-

68 839 289 889 quantum
315 839 383 874 est
407 828 613 873 minister
629 827 887 881 Ecclesiae;
914 836 957 870 et
973 826 1077 871 ideo
1097 828 1313 885 quamdiu
1332 827 1385 870 ab
1414 826 1618 871 Ecclesia
1639 827 1859 871 toleratur
1883 826 1931 870 in
1952 826 2034 871 mi-

66 895 257 943 nisterio
282 895 359 940 ille
385 896 463 955 qui
488 895 542 939 ab
570 909 627 939 eo
654 894 841 953 suscipit
865 904 1219 947 sacramentum,
1241 908 1334 937 non
1358 894 1671 938 communicat
1697 904 1886 952 peccato
1920 895 2032 953 ejus,

67 963 148 1008 sed
171 963 485 1008 communicat
510 960 757 1014 Ecclesiae,
785 974 899 1019 quae
927 974 1032 1004 eum
1048 971 1266 1019 tanquam
1284 961 1542 1004 ministrum
1562 961 1767 1004 exhibet:
1786 961 1823 1004 si
1842 974 1952 1005 vero
1976 960 2031 1004 ab

68 1028 273 1077 Ecclesia
298 1043 392 1075 non
418 1029 651 1082 toleratur,
677 1038 784 1087 puta
817 1042 924 1071 cum
956 1027 1241 1086 degradatur,
1267 1026 1342 1071 vel
1373 1028 1814 1083 excommunicatur,
1846 1027 1920 1072 vel
1941 1041 2035 1071 sus-

67 1097 290 1156 penditur,
311 1105 474 1156 peccat
500 1095 578 1155 qui
609 1095 664 1139 ab
691 1109 747 1139 eo
782 1095 947 1153 accipit
980 1103 1336 1148 sacramentum,
1364 1094 1469 1153 quia
1496 1094 1811 1139 communicat
1841 1103 2032 1153 peccato

0 1165 7 1218 ᾗ
66 1162 220 1222 ipsius.

0 1233 10 1285 ἓ
155 1230 233 1275 AD
260 1242 477 1275 TERTmM
499 1228 757 1283 dicendum,
775 1228 899 1288 quod
924 1226 1001 1272 ille
1018 1227 1095 1286 qui
1122 1237 1189 1272 est
1215 1229 1260 1272 in
1286 1237 1476 1287 peccato
1503 1228 1704 1282 mortali,
1726 1243 1821 1273 non
1848 1238 1917 1274 est
1937 1244 2034 1288 per-

64 1295 223 1357 plexus
248 1296 527 1356 simpliciter,
552 1296 591 1340 si
616 1310 670 1340 ex
696 1294 848 1340 officio
877 1296 919 1339 ei
945 1296 1177 1339 incumbat
1203 1307 1491 1340 sacramenta
1518 1297 1805 1356 dispensare:
1825 1296 1930 1356 quia
1954 1311 2031 1356 po-

4 1404 7 1406 .
65 1374 154 1409 test
177 1364 411 1423 poenitere
435 1363 492 1408 de
517 1374 723 1422 peccato,
757 1373 802 1408 et
830 1363 952 1407 licite
985 1362 1264 1407 ministrare:
1291 1377 1386 1407 non
1414 1373 1481 1408 est
1507 1374 1662 1408 autem
1688 1363 2032 1418 inconveniens,

0 1463 8 1481 ,
65 1431 189 1491 quod
214 1431 272 1475 sit
295 1429 547 1490 perplexus,
574 1430 809 1489 supposito
842 1429 1059 1488 quodam,
1086 1429 1261 1474 scilicet
1293 1430 1415 1488 quod
1447 1430 1557 1474 velit
1588 1445 1828 1476 remanere
1860 1431 1906 1475 in
1932 1445 2034 1489 pec-

0 1516 19 1560 {12
66 1509 185 1551 cato.
212 1497 263 1542 In
286 1497 477 1543 articulo
503 1508 658 1542 tamen
679 1497 965 1545 necessitatis
987 1510 1081 1540 non
1104 1507 1329 1555 peccaret,
1358 1497 1628 1556 baptizando
1651 1500 1695 1542 in
1724 1512 1846 1552 casu,
1873 1499 1918 1542 in
1941 1513 2032 1557 quo

3 1559 14 1603 ἶΪ
66 1565 206 1618 etiam
237 1575 393 1624 posset
422 1564 565 1610 laicus
597 1565 846 1623 baptizare;
879 1564 944 1608 sic
971 1565 1092 1607 enim
1120 1574 1258 1621 patet,
1286 1565 1408 1623 quod
1439 1579 1534 1608 non
1569 1565 1802 1610 exhiberet
1828 1579 1877 1610 se
1903 1566 2034 1609 mini-

0 1640 18 1683 ς(
66 1642 210 1677 strum
227 1631 476 1686 Ecclesiae,
503 1631 582 1676 sed
598 1632 857 1676 subveniret
873 1632 1192 1676 necessitatem
1215 1632 1416 1688 patienti.
1442 1631 1584 1676 Secus
1603 1642 1671 1676 est
1689 1643 1840 1678 autem
1867 1633 1914 1677 in
1932 1631 2032 1678 aliis

67 1699 378 1752 sacramentis,
404 1713 520 1757 quae
546 1713 640 1743 non
666 1709 770 1743 sunt
794 1708 946 1743 tantae
972 1699 1270 1752 necessitatis,
1297 1699 1414 1743 sicut
1443 1699 1709 1759 baptismus,
1737 1709 1784 1744 ut
1815 1698 1932 1744 infra
1958 1713 2032 1758 pa·

66 1766 178 1811 tebit
203 1766 262 1825 (q.
295 1766 363 1826 67.
396 1773 479 1812 art.
496 1767 568 1826 3.).

731 1944 1165 2002 ARTICULUS
1218 1945 1347 2001 VII.
1949 1960 2032 2018 356

296 2078 491 2118 UTRUM
528 2077 732 2119 ANGELI
771 2079 1002 2119 POSSINT
1043 2080 1408 2119 SACRAMENTA
1447 2079 1795 2118 MINISTRARE.

746 2190 811 2248 (4.
837 2191 950 2236 Dist.
972 2204 1009 2250 5.
1032 2206 1071 2250 q.
1098 2205 1139 2236 2.
1167 2197 1248 2236 art.
1271 2190 1347 2250 3.).

124 2301 233 2346 ,ΑΒ
253 2314 496 2348 SEPTIMUM
519 2301 582 2347 sic
609 2302 883 2362 proceditur.
909 2303 1114 2357 Videtur,
1142 2303 1265 2363 quod
1284 2302 1433 2362 angeli
1452 2303 1627 2362 possint
1643 2313 1928 2349 sacramenta
1950 2304 2030 2347 mi-

7 2375 21 2424 ξ’·
66 2368 285 2422 nistrare:
308 2369 525 2429 quidqu-id
542 2370 667 2414 enim
683 2380 833 2429 potest
855 2370 1060 2414 minister
1076 2369 1277 2425 inferior,
1297 2381 1446 2428 potest
1468 2381 1512 2414 et
1529 2371 1748 2429 superior,
1778 2372 1895 2415 sicut
1911 2371 2037 2430 quid·

8 2430 19 2471 -ῐ
67 2435 176 2495 quid
200 2446 352 2495 potest
375 2436 610 2491 diaconus,
636 2447 786 2495 potest
810 2438 1038 2501 sacerdOS,
1071 2438 1149 2482 sed
1180 2452 1274 2482 non
1309 2438 1612 2492 convertitur;
1638 2439 1716 2483 sed
1751 2438 1902 2497 angeli
1928 2449 2033 2484 sunt

10 2505 22 2534 ζ’
68 2505 323 2562 superiores
348 2503 542 2548 ministri
566 2504 613 2548 in
640 2505 799 2549 ordine
830 2505 1134 2559 hierarchice,
1168 2519 1306 2564 quam
1333 2506 1472 2550 etiam
1500 2505 1776 2565 quicumque
1803 2506 2032 2560 homines,

69 2579 118 2613 ut
143 2580 265 2628 patet
285 2585 364 2630 per
388 2571 580 2630 Dionys.
603 2571 650 2615 in
676 2572 751 2615 lib.
776 2571 975 2616 Coelest.
1006 2573 1241 2617 Hierarch.
1267 2574 1380 2631 (cap.
1414 2588 1456 2631 9.
1488 2579 1581 2617 ante
1601 2573 1730 2630 med.)
1742 2589 1759 2626 ,·
1789 2587 1899 2632 ergo
1927 2588 2031 2617 cum

68 2635 282 2681 homines
307 2638 483 2696 possint
502 2639 757 2683 ministrare
783 2640 831 2683 in
855 2640 1169 2693 sacramentis,
1192 2640 1369 2684 videtur
1390 2640 1512 2698 quod
1531 2639 1677 2684 multo
1701 2641 1848 2699 magis
1867 2640 2030 2699 angeli.

158 2715 199 2748 2.
225 2702 521 2750 PRAETEREA.
546 2705 769 2751 Homines
792 2707 937 2751 sancti
970 2706 1276 2751 assimilantur
1308 2707 1481 2765 angelis
1515 2707 1560 2750 in
1595 2707 1743 2761 coelo,
1781 2718 1829 2751 ut
1865 2708 2029 2752 dicitur

68 2769 230 2815 Matth.
258 2781 353 2815 22.:
383 2771 463 2815 sed
490 2771 629 2830 aliqui
660 2773 806 2817 sancti
837 2774 883 2817 in
926 2773 1058 2819 coelo
1100 2774 1340 2818 existentes
1373 2784 1565 2832 possunt
1596 2774 1853 2819 ministrare
1879 2775 1924 2818 in
1958 2789 2029 2817 sa-

71 2837 337 2882 cramentis:
357 2837 462 2896 quia
485 2837 718 2884 character
734 2841 1076 2885 sacramentalis
1095 2851 1162 2886 est
1179 2841 1446 2894 indelebilis,
1466 2852 1515 2886 ut
1541 2841 1712 2886 dictum
1732 2852 1799 2887 est
1816 2843 1876 2899 (q.
1889 2849 2030 2900 praec.

69 2911 153 2950 art.
171 2906 260 2963 5),
295 2917 405 2963 ergo
431 2904 620 2958 videtur,
646 2907 769 2965 quod
796 2908 934 2951 etiam
969 2908 1119 2967 angeli
1152 2909 1325 2967 possint
1357 2909 1403 2952 in
1436 2910 1733 2954 sacramentis
1762 2909 2032 2953 ministrare.

163 2984 200 3027 3.
228 2971 525 3016 PRAETEREA.
560 2971 686 3016 Sicut
717 2988 852 3032 supra
884 2975 1056 3019 dictum
1091 2986 1159 3019 est
1183 2977 1242 3034 (q.
1275 2977 1315 3021 8.
1344 2983 1424 3021 art.
1453 2978 1529 3035 7.),
1565 2975 1772 3020 diabolus
1800 2985 1868 3019 est
1895 2985 2030 3033 caput

70 3037 313 3092 malorum,
347 3048 392 3082 et
418 3036 528 3082 mali
553 3048 657 3082 sunt
682 3041 887 3084 membra
919 3043 1038 3100 ejus:
1067 3042 1145 3087 sed
1179 3057 1258 3101 per
1292 3043 1439 3088 malos
1473 3053 1663 3102 possunt
1689 3042 1934 3086 ministrari
1966 3055 2031 3086 sa-

22 3102 57 3169 Ξ
70 3115 325 3160 cramenta;
353 3118 464 3163 ergo
490 3105 680 3159 videtur,
707 3108 828 3165 quod
856 3109 992 3152 etiam
1019 3124 1099 3168 per
1122 3110 1384 3154 daemones.

23 3171 54 3272 Ξῖ
160 3172 255 3217 SED
283 3185 478 3217 CONTRA
505 3182 586 3225 est,
613 3173 735 3231 quod
761 3174 924 3218 dicitur
955 3175 1380 3234 Hebr.5.:Omn1'5
1401 3178 1595 3236 pontifex
1623 3191 1672 3220 ex
1698 3176 1935 3220 hominibus
1966 3189 2028 3220 as·

24 3246 254 3316 {sumptus
282 3248 362 3299 pro
389 3240 622 3283 hominibus
653 3242 919 3286 constituitur
943 3244 987 3286 in
1014 3243 1074 3287 his
1099 3258 1204 3302 quae
1229 3251 1323 3289 sunt
1349 3244 1402 3288 ad
1420 3246 1588 3288 Deum.-
1621 3243 1698 3286 sed
1728 3242 1891 3319 angeli
1905 3242 2029 3296 boni,

26 3302 143 3356 ‘ivel
169 3306 278 3350 mali
294 3320 387 3350 non
413 3316 517 3350 sunt
542 3320 598 3350 ex
622 3306 912 3361 hominibus;
940 3322 1051 3367 ergo
1078 3309 1163 3368 ipsi
1188 3325 1283 3356 non
1310 3312 1645 3354 constituuntur
1665 3309 1859 3353 ministri
1881 3309 1927 3353 in
1954 3310 2025 3354 his

26 3361 48 3448 ξ
70 3388 186 3435 quae
214 3384 318 3418 sunt
344 3374 398 3417 ad
425 3374 593 3426 Deum,
620 3373 770 3417 idest
759 3389 805 3418 m
833 3377 1143 3421 sacramentis.

0 3447 1 3457 ¹
28 3427 52 3509 ξζζ
159 3441 447 3486 ΚΕεΡοΝυι-ῑο
475 3439 733 3495 dicendum,
760 3441 896 3499 quod,
907 3442 1038 3487 sicut
1063 3459 1197 3503 supra
1224 3445 1396 3489 dictum
1425 3455 1493 3489 est
1521 3444 1621 3501 (art.
1649 3460 1685 3504 3.
1714 3445 1800 3502 huj.
1828 3460 1852 3503 q
1857 3445 1906 3502 .),
1933 3455 2030 3490 tota

29 3508 210 3570 {virtus
242 3516 634 3552 sacramentorum
666 3522 693 3550 a
732 3508 942 3585 passione
985 3509 1156 3556 Christi
1189 3512 1428 3564 derivatur,
1471 3525 1586 3570 quae
1628 3521 1695 3555 est
1738 3511 1924 3566 Christi,
1966 3527 2032 3557 se-

0 3599 3 3609 =
72 3575 273 3620 cundum
303 3574 426 3634 quod
453 3584 518 3618 est
551 3575 711 3628 homo,
739 3575 813 3618 cui
847 3575 893 3620 in
925 3586 1085 3622 natura
1113 3577 1458 3623 conformantur
1490 3578 1717 3632 homines,
1749 3593 1843 3623 non
1877 3590 2030 3624 autem

0 3635 39 3714 l
34 3662 36 3667 ’
72 3642 240 3701 angeli,
265 3642 344 3687 sed
370 3641 520 3700 potius
554 3642 806 3686 secundum
832 3642 1094 3701 passionem
1127 3645 1291 3690 dicitur
1322 3645 1484 3690 modico
1511 3646 1562 3690 ab
1595 3645 1748 3704 angelis
1778 3647 2028 3702 minoratus,

388 3720 402 3739 ἱ

7 2350 15 2360 0
2 2115 23 2325 ruffa-fflss?

23 2242 25 2245 .
19 2169 32 2202 ⁴,-
20 2134 24 2137 .

18 2947 39 3120 ,apamensi-wc*
16 2871 35 2931 ⁴2⁸⁶-
16 2814 19 2830 „.
18 2783 20 2787 ’

0 3762 3 3788 Ι

0 3792 7 3836 i

0 3839 1 3846 1

0 3856 5 3896 ff*

3 3900 8 3914 Q
