2352 3926
633 252 911 301 QUAESTIO
953 252 1119 293 van.
1159 251 1468 293 ARTICULUS
1508 252 1586 292 111.
1973 253 2074 309 573

824 443 1259 502 ARTICULUS
1298 444 1399 500 111.
1995 460 2079 519 378

584 581 775 620 UTRUM
816 580 1012 620 LAICUS
1054 580 1245 619 POSSIT
1286 579 1602 619 BAPTIZARE.

350 690 459 748 (2-2.
485 705 523 749 q.
550 705 644 736 roo.
671 697 754 735 art.
780 704 821 736 2.
849 690 903 734 αᾱ
927 706 962 735 ι.
990 696 1028 735 et
1051 704 1093 747 4.
1117 691 1228 734 Dist.
1250 704 1288 749 5.
1315 705 1352 748 q.
1380 705 1419 735 2.
1448 697 1531 735 art.
1559 706 1592 735 r.
1621 705 1659 748 q.
1687 706 1721 735 r.
1749 696 1786 735 et
1807 705 1844 750 3.

725 763 763 802 et
779 758 888 802 Dist.
908 757 949 802 6.
967 771 1005 815 q.
1024 773 1058 802 ι.
1077 762 1158 800 art.
1172 772 1208 815 3.
1225 771 1263 815 q.
1282 771 1321 802 2.
1339 763 1377 802 et
1389 772 1424 816 3.
1424 756 1463 814 ).

0 815 23 961 ἑ·
205 867 282 913 AD
319 880 534 914 TERTIUM
569 868 634 912 sic
666 867 936 928 proceditur.
970 866 1175 921 Videtur,
1207 867 1330 926 quod
1362 867 1506 911 laicus
1531 867 1758 926 baptizare
1792 881 1886 912 non
1912 869 2077 928 possit:

117 935 342 995 baptizare
369 938 506 989 enim,
532 935 648 980 sicut
683 935 855 978 dictum
890 944 957 978 est
989 936 1091 990 (art.
1124 934 1307 994 praec),
1336 934 1516 992 proprie
1549 935 1742 993 pertinet
1778 935 1833 978 ad
1867 936 2076 980 ordinem

114 1001 471 1047 sacerdotalem:
498 1002 578 1046 sed
605 1016 658 1046 ea
685 1015 800 1060 quae
827 1012 931 1046 sunt
957 1001 1142 1055 ordinis,
1174 1015 1267 1045 non
1294 1010 1485 1059 possunt
1511 1001 1738 1045 committi
1762 1016 1855 1045 non
1887 1003 2075 1048 habenti

116 1069 355 1123 ordinem3
381 1082 490 1128 ergo
516 1068 706 1122 videtur,
733 1068 855 1127 quod
882 1067 1038 1121 laicus,
1073 1067 1149 1127 qui
1180 1082 1274 1112 non
1306 1067 1444 1112 habet
1475 1067 1697 1122 ordinem,
1723 1068 1949 1128 baptizare
1981 1084 2076 1114 non

115 1136 271 1195 possit.

204 1214 245 1247 2.
275 1202 572 1247 PRAETEREA.
598 1202 746 1260 Majus
773 1212 841 1247 est
865 1202 1108 1261 baptizare,
1124 1216 1263 1261 quam
1282 1201 1370 1246 alia
1387 1201 1735 1246 sacramentalia
1751 1202 1966 1262 baptismi
1980 1218 2078 1263 per-

110 1269 276 1325 ficere3
297 1270 415 1315 sicut
432 1269 727 1329 catechizare,
751 1278 795 1314 et
811 1269 1082 1323 exorcizare,
1101 1279 1146 1314 et
1163 1283 1329 1329 aquam
1346 1267 1664 1329 baptismalem
1688 1269 1975 1315 benedicere:
1996 1271 2075 1316 sed

111 1337 228 1382 haec
253 1351 348 1382 non
372 1347 562 1396 possunt
587 1336 684 1380 fieri
706 1351 731 1380 a
757 1335 900 1390 laicis,
928 1337 1007 1381 sed
1034 1335 1185 1381 solum
1214 1350 1240 1380 a
1265 1336 1575 1382 sacerdotibus
1594 1352 1605 1391 ;
1624 1351 1734 1395 ergo
1756 1337 1933 1381 videtur
1950 1339 2074 1398 quod

112 1403 259 1449 multo
286 1404 436 1448 minus
462 1402 569 1447 laici
589 1404 764 1463 possint
789 1404 1030 1461 baptizare.

206 1485 244 1531 3.
269 1470 567 1516 PRAETEREA.
596 1470 725 1516 Sicut
748 1470 998 1530 baptismus
1026 1480 1094 1514 est
1118 1479 1456 1515 sacramentum
1482 1470 1779 1525 necessitatis,
1804 1469 1867 1515 ita
1900 1480 1944 1515 et
1969 1485 2076 1530 poe-

111 1538 324 1583 nitentia:
351 1537 430 1582 sed
463 1537 606 1582 laicus
640 1552 735 1582 non
771 1547 921 1597 potest
961 1537 1196 1582 absolvere
1220 1537 1268 1581 in
1293 1536 1394 1581 foro
1422 1536 1760 1596 poenitentiali3
1787 1551 1897 1597 ergo
1924 1552 2074 1598 neque

111 1615 263 1666 potest
286 1605 527 1664 baptizare.

202 1671 297 1718 SED
324 1685 520 1718 CONTRA
545 1682 627 1727 est,
653 1672 776 1732 quod
804 1672 1015 1718 Gelasius
1040 1672 1075 1716 I.
1102 1686 1220 1732 papa
1244 1671 1378 1732 (epist.
1407 1687 1449 1730 9.
1475 1679 1564 1732 cap.
1584 1685 1620 1731 7.
1643 1672 1824 1719 Concil.)
1844 1682 1888 1717 et
1912 1672 2072 1718 Isidor.

114 1739 208 1796 (lib.
234 1753 274 1785 2.
300 1740 369 1784 De
396 1739 514 1798 Offic.
538 1747 628 1798 cap.
661 1753 730 1796 24.
757 1739 811 1783 ad
826 1741 927 1798 fin.)
955 1739 1124 1794 dicunt,
1151 1733 1274 1798 quod
1316 1738 1598 1798 «baptizare,
1623 1739 1891 1784 necessitate
1925 1739 2074 1785 immi-

111 1818 264 1863 nente,
283 1806 412 1852 laicis
434 1807 690 1852 christianis
716 1806 986 1867 plerumque
1013 1807 1279 1852 conceditur
1295 1823 1336 1850 ».

199 1874 490 1921 RESPONm-:o
516 1874 774 1928 dicendum,
801 1875 924 1934 quod
951 1874 1006 1918 ad
1029 1873 1390 1918 misericordiam
1409 1874 1519 1931 ejus,
1537 1873 1612 1933 qui
1630 1872 1727 1917 vult
1743 1886 1904 1918 omnes
1924 1874 2071 1919 homi·

33 1959 35 1961 ’
110 1955 192 1988 nes
216 1941 368 1987 salvos
393 1941 505 1996 fieri,
530 1942 737 2002 pertinet,
759 1952 809 1986 ut
834 1943 879 1985 in
905 1941 976 1986 his
1003 1955 1118 2000 quae
1145 1951 1249 1985 sunt
1271 1941 1326 1985 de
1352 1941 1620 1985 necessitate
1647 1939 1819 1994 salutis,
1845 1940 1990 1986 homo
2014 1942 2069 1987 de

110 2008 234 2055 facili
263 2009 518 2054 remedium
542 2009 766 2054 inveniat:
792 2009 911 2054 inter
936 2008 1091 2053 omnia
1124 2018 1277 2053 autem
1302 2018 1589 2052 sacramenta
1615 2010 1842 2052 maximae
1873 2009 2070 2054 necessi-

110 2076 214 2123 tatis
240 2086 308 2122 est
331 2075 596 2135 baptismus,
629 2077 706 2136 qui
732 2086 800 2121 est
829 2075 1114 2135 regeneratio
1146 2075 1348 2120 hominis
1388 2075 1435 2118 in
1461 2074 1603 2118 vitam
1635 2074 1930 2134 spiritualem,
1963 2076 2069 2135 quia

110 2143 262 2204 pueris
287 2142 417 2188 aliter
441 2143 631 2188 omnino
658 2143 885 2189 subveniri
909 2158 1003 2187 non
1030 2152 1192 2202 potest,
1220 2152 1264 2186 et
1290 2141 1429 2186 adulti
1445 2156 1538 2186 non
1553 2152 1744 2200 possunt
1769 2141 1911 2197 aliter,
1929 2157 2068 2202 quam

111 2224 193 2271 per
226 2210 517 2270 baptismum,
553 2211 738 2270 plenam
773 2210 1093 2255 remissionem
1130 2209 1349 2268 consequi
1377 2219 1421 2253 et
1446 2219 1664 2268 quantum
1699 2209 1754 2252 ad
1793 2208 1990 2268 culpam,
2024 2220 2069 2255 et

111 2287 331 2338 quantum
357 2277 413 2322 ad
438 2291 649 2336 poenam.
666 2279 724 2322 Et
738 2278 842 2322 ideo
859 2287 908 2322 ut
924 2278 1070 2322 homo
1089 2276 1209 2321 circa
1227 2276 1480 2320 remedium
1505 2285 1601 2320 tam
1618 2276 1928 2320 necessarium
1952 2275 2069 2321 defe-

0 2351 18 2411 ᾗ
106 2354 233 2390 ctum
263 2345 356 2404 pati
385 2358 477 2388 non
504 2344 662 2404 possit,
693 2345 948 2389 institutum
975 2354 1056 2399 est,
1082 2353 1131 2388 ut
1163 2353 1206 2388 et
1237 2342 1428 2387 materia
1457 2343 1669 2402 baptismi
1702 2343 1760 2387 sit
1792 2345 2066 2398 communis,

0 2438 24 2505 ἒ
105 2410 280 2457 scilicet
309 2425 440 2470 aqua,
483 2426 599 2471 quae
632 2426 658 2455 a
684 2411 887 2471 quolibet
917 2411 973 2456 de
1005 2410 1127 2455 facili
1158 2410 1315 2455 haberi
1346 2419 1508 2470 potest,
1542 2419 1584 2454 et
1617 2410 1823 2454 minister
1852 2411 2067 2470 baptismi

0 2505 10 2529 μ
107 2477 244 2523 etiam
269 2477 328 2524 sit
351 2478 627 2538 quicumque
653 2492 747 2523 non
775 2479 1022 2532 ordinatus,
1048 2493 1106 2523 ne
1132 2487 1316 2538 propter
1342 2476 1570 2522 defectum
1595 2477 1810 2537 baptismi
1830 2477 1976 2523 homo
2000 2493 2066 2523 sa-

105 2543 212 2590 lutis
235 2557 344 2591 suae
369 2545 654 2605 dispendium
681 2546 889 2606 patiatur.

195 2611 272 2657 AD
297 2625 484 2657 PRIMUM
511 2627 620 2671 ergo
647 2613 905 2667 dicendum,
932 2612 1054 2672 quod
1080 2612 1307 2671 baptizare
1329 2611 1522 2671 pertinet
1544 2612 1597 2656 ad
1626 2612 1834 2657 ordinem
1857 2614 2065 2658 sacerdo·

106 2677 247 2724 talem
272 2679 522 2724 secundum
548 2680 777 2739 quandam
803 2681 1187 2734 convenientiam,
1215 2691 1259 2724 et
1284 2680 1652 2725 solemnitatem:
1677 2694 1771 2724 non
1794 2690 1947 2724 autem
1971 2681 2062 2726 hoc

0 2792 4 2796 ,
107 2755 175 2791 est
199 2745 255 2790 de
279 2746 548 2791 necessitate
573 2748 868 2802 sacramenti3
886 2748 1004 2792 unde
1023 2747 1200 2792 etiamsi
1218 2757 1340 2792 extra
1362 2747 1643 2792 necessitatis
1662 2747 1901 2792 articulum
1919 2747 2062 2793 laicus

23 2818 35 2843 Τ
106 2813 313 2872 baptizet,
344 2822 504 2871 peccat
528 2814 735 2872 quidem;
761 2825 916 2860 tamen
953 2824 1290 2859 sacramentum
1320 2814 1534 2874 baptismi
1561 2813 1758 2859 confert:
1789 2828 1871 2859 nec
1906 2825 1973 2859 est
1998 2830 2062 2860 re-

105 2878 399 2939 baptizandus
425 2878 515 2935 ille,
536 2881 614 2939 qui
638 2882 702 2925 sic
730 2891 796 2926 est
819 2882 1085 2941 baptizatus.

14 2987 38 3014 ἡ,
132 2963 135 2967 ·
195 2947 272 2991 AD
290 2958 550 2991 SECUNDUM
576 2947 833 3004 dicendum,
860 2949 982 3008 quod
1007 2948 1085 2993 illa
1112 2948 1460 2993 sacramentalia
1489 2948 1702 3008 baptismi
1746 2948 1972 3007 pertinent
2003 2949 2059 2994 ad

106 3013 463 3067 solemnitatem,
484 3027 577 3058 non
605 3024 758 3059 autem
784 3016 839 3059 ad
864 3017 1182 3061 necessitatem
1200 3015 1437 3074 baptismi3
1456 3026 1500 3060 et
1521 3016 1624 3060 ideo
1648 3015 1742 3059 fieri
1762 3029 1854 3059 non
1882 3015 2058 3071 debent,

17 3107 31 3118 =
104 3094 191 3126 nec
222 3089 414 3139 possunt
438 3093 464 3124 a
481 3079 615 3134 laico,
636 3081 715 3125 sed
737 3081 889 3127 solum
915 3098 941 3127 a
958 3083 1209 3137 sacerdote,
1233 3083 1359 3141 cujus
1387 3093 1455 3127 est
1480 3082 1745 3127 solemniter
1772 3082 2009 3141 baptizare.

28 3183 33 3186 η,
194 3148 270 3192 An
301 3159 518 3191 TERTnm
544 3147 803 3203 dicendum,
829 3150 965 3208 quod,
991 3150 1108 3195 sicut
1132 3164 1267 3209 supra
1291 3150 1463 3194 dictum
1490 3158 1557 3193 est
1585 3155 1642 3207 (q.
1671 3149 1733 3207 65.
1761 3156 1841 3192 art.
1855 3164 1891 3207 3.
1919 3155 1955 3194 et
1975 3151 2056 3208 4.),

105 3214 384 3275 poenitentia
406 3227 499 3257 non
527 3224 595 3258 est
618 3224 770 3259 tantae
795 3216 1090 3272 necessitatis,
1116 3216 1232 3261 sicut
1256 3216 1527 3275 baptismus:
1551 3225 1699 3274 potest
1717 3215 1839 3259 enim
1858 3229 1937 3274 per
1955 3229 2058 3260 con-

104 3282 335 3326 tritionem
362 3279 563 3339 suppleri
578 3279 779 3325 defectus
795 3282 1088 3328 sacerdotalis
1111 3283 1423 3337 absolutionis,
1457 3297 1572 3342 quae
1605 3296 1698 3326 non
1717 3282 1878 3326 liberat
1910 3297 1935 3326 a
1962 3292 2057 3327 tota

32 3349 37 3393 ².
104 3362 268 3408 poena,
294 3361 380 3392 nec
403 3348 541 3391 etiam
568 3347 716 3406 pueris
744 3348 1003 3404 adhibetur3
1030 3360 1075 3395 et
1098 3349 1202 3395 ideo
1224 3364 1318 3395 non
1341 3359 1408 3394 est
1424 3348 1572 3394 simile
1591 3348 1646 3393 de
1663 3349 1905 3408 baptismo,
1929 3351 2056 3409 cujus

17 3412 37 3440 ³
105 3413 292 3460 effectus
317 3428 396 3474 per
420 3413 536 3459 nihil
557 3413 677 3459 aliud
704 3414 903 3475 suppleri
926 3426 1088 3476 potest.

0 979 13 1024 ἰ

0 1115 27 1746 *vmfsssfa—memnr
3 1075 6 1079 ·
7 1027 9 1029 -
