2352 3926
231 97 302 165 56
764 103 1041 151 QUAESTIO
1083 102 1160 140 111.
1202 99 1514 140 ARTICULUS*
1548 89 1621 137 vr.

230 221 432 265 naturae,
453 218 644 269 possunt
665 205 915 267 praedicari
931 205 986 249 de
1002 217 1198 262 persona
1215 202 1484 247 subsistente
1504 199 1551 243 in
1572 207 1734 243 natura
1749 197 1844 254 illa,
1861 199 2189 259 cujuscumque

231 288 418 322 naturae
444 276 630 320 nornine
657 272 957 332 significetur;
984 271 1212 330 praedicta
1237 269 1373 327 igitur
1398 265 1627 325 positione
1653 265 1787 320 facta,
1809 266 1866 310 de
1892 280 2090 326 persona
2108 267 2188 312 Pa-

230 346 309 389 tris
336 354 547 403 poterunt
571 340 820 400 praedicari
846 349 892 382 et
916 348 970 381 ea
997 352 1111 396 quae
1143 346 1248 382 sunt
1272 336 1502 379 humanae
1534 342 1737 387 naturae,
1771 342 1816 378 et
1847 347 1899 377 ea
1932 347 2053 392 quae
2081 343 2184 379 sunt

233 411 435 464 divinae;
463 420 507 453 et
531 408 737 452 similiter
764 405 817 449 de
844 418 1041 464 persona
1066 403 1180 458 Filii,
1208 412 1252 446 et
1278 401 1470 460 Spiritus
1499 399 1678 446 Sancti:
1705 413 1801 443 non
1824 409 1978 444 autem
1997 400 2046 445 id
2067 399 2188 461 quod

233 477 496 522 conveniret
511 487 731 533 personae
748 473 893 516 Patris
912 472 1087 515 ratione
1112 471 1321 529 propriae
1343 481 1581 526 personae,
1598 475 1754 525 posset
1765 466 1947 510 attribui
1968 464 2191 526 permistae

233 544 348 598 Filii,
376 554 452 587 aut
478 541 668 600 Spiritus
696 540 867 593 Sancti,
886 548 1068 598 propter
1085 536 1425 581 distinctionem
1442 547 1758 591 personarum,
1776 546 1895 592 quae
1914 542 2191 593 remaneret3

234 620 387 670 posset
411 624 519 667 ergo
553 607 656 661 dici,
688 606 811 665 quod
842 607 958 650 sicut
988 606 1122 649 Pater
1154 613 1221 647 est
1252 601 1493 660 ingenitus,
1526 602 1590 644 ita
1620 600 1766 644 homo
1798 610 1920 647 esset
1948 599 2191 659 ingenitus,

233 677 483 722 secundum
510 674 632 733 quod
658 674 706 732 ly
731 674 851 718 homo
877 681 1152 732 supponeret
1177 685 1258 728 pro
1286 683 1482 727 persona
1507 667 1676 713 Patris:
1710 668 1748 712 si
1773 668 1874 728 quis
1901 677 2056 713 autem
2081 666 2188 719 ulte-

234 744 324 788 rius
350 742 636 801 procederet:
664 741 808 784 homo
836 750 903 784 est
927 739 1177 798 ingenitus:
1207 736 1345 781 Filius
1373 745 1440 779 est
1464 735 1635 789 homo;
1662 749 1773 794 ergo
1799 735 1939 780 Filius
1971 745 2043 789 est
2070 735 2194 794 inge·

233 813 367 864 nitus,
394 819 512 854 esset
535 807 716 852 fallacia
742 807 912 866 figurae
941 805 1166 858 dictionis,
1193 803 1267 848 vel
1294 799 1565 856 accide‘ntis3
1597 801 1715 847 sicut
1746 811 1790 847 et
1819 817 1942 847 nunc
1969 802 2187 850 dicimus:

233 879 386 922 Deum
413 891 510 920 esse
536 875 806 934 ingenitum,
834 876 938 933 quia
969 874 1102 916 Pater
1129 881 1195 915 est
1219 870 1468 929 ingenitus:
1502 883 1588 914 nec
1619 878 1776 914 tamen
1807 883 2051 930 possumus
2083 883 2194 915 con·

236 945 433 998 cludere,
460 943 582 1002 quod
606 941 745 986 Filius
771 942 829 986 sit
853 940 1094 999 ingenitus,
1122 938 1329 998 quamvis
1355 937 1412 982 sit
1436 937 1577 981 Deus.

920 1100 1352 1160 ARTICULUS
1394 1099 1521 1155 VII.
2138 1125 2191 1171 25

801 1239 994 1278 UTRUM
1023 1239 1137 1278 UNA
1169 1238 1409 1276 PERSONA
1441 1236 1637 1276 DIVINA

557 1323 747 1362 POSSIT
788 1322 1064 1361 ASSUMERE
1104 1320 1248 1358 DUAS
1287 1319 1541 1359 NATURAS
1584 1318 1862 1360 HUMANAS.

915 1435 968 1494 (3.
995 1435 1108 1480 Dist.
1138 1445 1175 1477 Ι.
1199 1449 1236 1492 q.
1265 1447 1304 1478 2.
1333 1439 1415 1478 art.
1442 1432 1523 1491 4.).

329 1549 405 1593 An
427 1562 666 1593 SEPTIMUM
689 1548 752 1592 sic
775 1547 1047 1606 proceditur.
1070 1546 1274 1601 Videtur,
1292 1546 1414 1605 quod
1438 1560 1528 1590 una
1550 1560 1746 1605 persona
1767 1545 1920 1592 divina
1939 1559 2034 1594 non
2056 1545 2200 1606 possit

241 1631 469 1661 assumere
496 1617 606 1660 duas
627 1626 809 1660 naturas
835 1616 1084 1659 humanas:
1118 1625 1279 1659 natura
1312 1614 1435 1658 enim
1467 1624 1699 1673 assumpta
1729 1614 1776 1657 in
1809 1613 2028 1673 mysterio
2058 1612 2201 1664 incar-

240 1684 434 1727 nationis
460 1698 554 1727 non
579 1684 717 1727 habet
749 1682 869 1726 aliud
903 1683 1188 1742 suppositum
1222 1692 1400 1741 praeter
1431 1682 1718 1741 suppositum
1750 1695 1974 1740 personae
2005 1681 2201 1737 divinae,

242 1762 290 1796 ut
315 1766 368 1795 ex
394 1751 659 1810 supradictis
687 1761 809 1810 patet
837 1751 937 1807 (art.
954 1758 1096 1810 praec.
1123 1756 1159 1794 et
1181 1756 1262 1794 art.
1285 1765 1326 1794 2.
1350 1750 1436 1808 huj.
1461 1751 1519 1808 q.)
1533 1765 1550 1802 ;
1575 1749 1613 1793 si
1635 1763 1746 1808 ergo
1769 1759 1966 1808 ponatur
1988 1762 2201 1800 essessuna

242 1833 434 1878 persona
472 1819 623 1862 divina
659 1833 894 1862 assumens
930 1818 1040 1862 duas
1076 1817 1302 1862 humanas
1341 1827 1540 1870 naturas,
1579 1826 1696 1860 esset
1731 1830 1874 1861 unum
1913 1815 2202 1875 suppositum

242 1886 433 1929 duarum
449 1896 711 1929 naturarum
732 1886 935 1943 ejusdem
956 1885 1137 1944 speciei,
1162 1885 1284 1944 quod
1306 1884 1484 1928 videtur
1503 1883 1741 1942 implicare
1764 1883 2201 1928 contradictionem:

240 1967 335 1996 non
368 1952 491 1996 enim
527 1962 686 1997 natura
723 1953 855 1996 unius
891 1953 1058 2011 speciei
1093 1951 1434 2011 multiplicatur,
1462 1951 1550 1995 nisi
1575 1949 1830 1995 secundum
1861 1949 2204 2002 distinctionem

242 2020 595 2079 suppositorum.
2006 2048 2017 2052 »ν

332 2100 373 2131 2.
398 2087 694 2132 PRAETEREA.
722 2087 820 2131 Hac
847 2087 1160 2146 suppositione
1185 2086 1320 2142 facta,
1346 2101 1440 2131 non
1466 2096 1621 2146 posset
1646 2085 1749 2141 dici,
1772 2085 1896 2146 quod
1921 2099 2118 2146 persona
2137 2085 2201 2135 di·

244 2154 350 2198 vina
376 2154 609 2198 incarnata
632 2164 749 2198 esset
764 2169 879 2198 unus
895 2154 1066 2210 homo;
1093 2155 1198 2213 quia
1219 2169 1315 2199 non
1337 2154 1527 2198 haberet
1542 2168 1682 2198 unam
1698 2153 2204 2208 naturamhumanam:

243 2221 450 2265 similiter
474 2235 568 2264 non
594 2231 747 2280 posset
772 2221 875 2276 dici,
897 2222 1019 2280 quod
1042 2232 1160 2266 esset
1181 2222 1357 2281 plures;
1381 2221 1488 2281 quia
1507 2220 1660 2281 plures
1683 2221 1896 2266 homines
1917 2230 2024 2274 sunt
2042 2234 2207 2281 suppo-

243 2289 330 2333 sito
358 2287 569 2342 distincti,
596 2298 640 2332 et
664 2288 726 2331 ibi
757 2298 874 2333 esset
908 2299 1085 2333 tantum
1112 2304 1255 2333 unum
1281 2289 1570 2349 suppositum
1580 2304 1592 2344 ;
1626 2303 1737 2348 ergo
1773 2288 2007 2348 praedicta
2033 2287 2206 2348 positio

244 2365 313 2400 est
337 2355 527 2399 omnino
554 2355 861 2414 impossibilis.

337 2437 374 2481 3.
401 2422 696 2467 PRAETEREA.
724 2423 776 2466 In
800 2423 1124 2469 incarnationis
1152 2425 1370 2484 mysterio
1397 2434 1494 2470 tota
1519 2434 1682 2468 natura
1706 2422 1862 2468 divina
1883 2433 1952 2469 est
1972 2423 2100 2469 unita
2119 2422 2206 2469 toti

243 2501 431 2536 naturae
457 2500 730 2549 assumptae,
755 2491 871 2535 idest
897 2491 1078 2537 cuilibet
1104 2494 1220 2551 parti
1246 2494 1366 2552 ejus:
1393 2500 1447 2538 est
1473 2493 1597 2538 enim
1624 2492 1816 2538 Christus
1841 2493 2052 2553 perse-ctus
2075 2492 2207 2547 Deus,

244 2565 283 2603 et
301 2559 504 2617 perfectus
529 2558 665 2612 homo,
690 2565 793 2603 totus
815 2560 944 2614 Deus,
968 2566 1004 2603 et
1026 2566 1131 2605 totus
1153 2561 1287 2614 homo,
1316 2571 1365 2605 ut
1385 2562 1603 2606 Damasc.
1627 2560 1737 2605 dicit
1756 2560 1804 2604 in
1830 2575 1867 2619 3.
1889 2560 1966 2613 lib,
1992 2560 2207 2620 (captas).-

245 2625 324 2670 sed
367 2625 482 2669 duae
521 2625 749 2669 humanae
781 2635 968 2670 naturae
1001 2641 1094 2671 non
1128 2638 1314 2687 possent
1344 2628 1544 2673 totaliter
1580 2628 1665 2674 sibi
1698 2628 1898 2672 invicem
1930 2627 2208 2688 uniri3-quia

246 2702 490 2752 oporteret,
517 2693 638 2751 quod
666 2694 817 2736 anima
844 2694 974 2738 unius
1002 2705 1118 2739 esset
1144 2696 1267 2739 unita
1296 2696 1478 2755 corpori
1505 2695 1703 2750 alterius,
1727 2705 1772 2740 et
1797 2694 1922 2754 quod
1948 2692 2088 2745 etiam
2114 2695 2207 2741 duo

247 2773 439 2819 corpora
466 2770 616 2804 essent
640 2759 789 2814 simul,
818 2762 938 2819 quod
966 2761 1285 2807 confusionem
1311 2764 1548 2808 induceret
1568 2773 1858 2818 naturarum3
1883 2777 1978 2808 non
2006 2777 2118 2822 ergo
2141 2771 2210 2809 est

245 2826 474 2889 possibile,
501 2826 623 2885 quod
651 2840 740 2870 una
767 2842 959 2884 persona
986 2829 1136 2872 divina
1163 2830 1273 2874 duas
1300 2831 1525 2875 humanas
1551 2841 1733 2875 naturas
1762 2840 1978 2877 assumat.

339 2893 433 2939 SED
468 2906 663 2938 CONTRA
707 2904 786 2947 est,
824 2895 944 2952 quod
982 2897 1196 2954 quidquid
1231 2908 1379 2956 potest
1410 2899 1558 2953 Pater,
1586 2909 1735 2957 potest
1765 2897 1931 2943 Filius:
1964 2897 2043 2944 sed
2075 2897 2212 2944 Pater

249 2971 352 3020 post
377 2961 738 3006 incarnationem
766 2961 866 3004 Filii
894 2972 1042 3020 potest
1069 2977 1297 3008 assumere
1324 2976 1535 3010 naturam
1567 2966 1819 3010 humanam
1853 2964 1991 3010 aliam
2012 2977 2210 3013 numero
2254 3003 2259 3008 .

252 3029 305 3071 ab
335 3043 404 3082 ea,
430 3042 569 3088 quam
595 3027 735 3072 Filius
763 3029 1033 3087 assumpsit;
1055 3029 1102 3073 in
1134 3030 1260 3075 nullo
1290 3033 1411 3075 enim
1438 3047 1517 3091 per
1549 3033 1911 3078 incarnationem
1936 3031 2039 3078 Filii
2059 3042 2128 3079 est
2145 3031 2213 3079 rdi-

252 3095 424 3139 minuta
451 3095 654 3155 potentia
670 3094 830 3149 Patris,
853 3095 927 3139 vel
943 3095 1064 3149 Filii;
1085 3111 1193 3154 ergo
1211 3098 1401 3152 videtur,
1425 3100 1544 3158 quod
1564 3100 1703 3145 Filius
1725 3110 1830 3159 post
1847 3099 2211 3147 incarnationem

251 3162 392 3219 possit
418 3162 556 3206 aliam
577 3162 830 3206 humanam
853 3171 1059 3206 naturam
1080 3178 1307 3208 assumere
1327 3177 1502 3223 praeter
1529 3181 1646 3222 eam,
1669 3182 1808 3226 quam
1834 3167 2097 3228 assumpsit.

337 3229 624 3275 Responnsso
643 3228 900 3282 dicendum,
920 3229 1039 3288 quod
1059 3229 1168 3274 illud
1188 3233 1307 3289 quod
1328 3243 1476 3290 potest
1500 3234 1546 3277 in
1571 3249 1726 3288 unum,
1746 3245 1790 3280 et
1811 3249 1908 3280 non
1929 3233 2211 3295 inamplius,

251 3295 385 3339 habet
422 3296 675 3355 potentiam
712 3295 956 3340 limitatam
983 3296 1038 3340 ad
1070 3312 1235 3340 unum:
1269 3300 1470 3356 potentia
1498 3310 1651 3345 autem
1684 3302 1867 3348 divinae
1891 3314 2116 3363 personae
2146 3310 2214 3348 est

252 3362 449 3416 infinita3
476 3378 559 3407 nec
587 3373 736 3423 potest
752 3363 938 3414 limitari
958 3364 1011 3407 ad
1031 3363 1199 3422 aliquid
1219 3375 1445 3419 creatum3
1464 3367 1582 3411 unde
1607 3382 1705 3412 non
1724 3379 1791 3414 est
1812 3367 2212 3429 dicendumffluod

254 3443 447 3486 persona
474 3430 625 3475 divina
651 3431 713 3476 ita
741 3430 1036 3489 assumpserit
1057 3445 1196 3475 unam
1223 3442 1433 3476 naturam
1460 3433 1726 3489 humanam,
1753 3436 1877 3495 quod
1897 3436 2215 3496 non·>pomerit

254 3510 483 3542 assumere
512 3497 670 3552 aliam3
697 3498 923 3543 videretur
951 3498 1073 3542 enim
1101 3512 1154 3543 ex
1181 3498 1271 3542 hoc
1295 3499 1435 3558 sequi,
1463 3501 1584 3558 quod
1612 3502 1911 3559 personalitas
1933 3503 2118 3551 divinae
2137 3517 2216 3550 na.-
