2352 3926
1 1746 16 1773 ιω
0 1420 22 1732 fflussw-mmw'*
6 1395 11 1402 ·
6 1377 13 1384 ²

645 237 926 284 QUAESTIO
965 237 1112 277 txtv.
1150 235 1460 278 ,timemus
1499 235 1577 275 111.
1977 234 2110 290 535.

115 339 223 386 vina
247 349 400 385 autem
426 339 568 384 virtus
593 349 662 384 est
688 339 874 394 Christi,
900 339 1153 384 secundum
1191 339 1314 399 quod
1341 349 1409 384 est
1438 339 1580 391 Deus,
1620 350 1715 382 non
1748 345 1904 381 autem
1929 350 2087 381 secun·

121 405 227 452 ium
269 408 390 466 quod
424 418 492 451 est
531 407 703 461 homo;
744 421 854 466 ergo
898 407 1109 452 Christus
1148 421 1243 451 non
1276 415 1490 466 operatur
1515 404 1781 449 interiorem
1805 404 2083 448 sacramenti

124 472 346 527 effectum,
372 475 625 519 secundum
651 474 773 533 quod
796 484 864 518 est
889 474 1049 528 homo,
1076 475 1154 518 sed
1182 474 1434 518 secundum
1461 473 1583 532 quod
1611 482 1679 516 est
1703 472 1844 516 Deus,
1882 499 1886 502 -

206 541 495 587 RESPONDEO
529 541 788 594 dicendum,
830 542 952 599 quod
993 541 1260 585 interiorem
1296 550 1692 584 sacramentorum
1724 538 1937 583 effectum
1981 551 2086 596 ope-

46 605 54 611 “
123 615 239 650 ratur
265 608 561 663 Christus‚*et
593 609 846 653 secundum
873 608 995 667 quod
1023 618 1090 652 est
1115 608 1256 661 Deus,
1294 618 1339 652 et
1379 607 1631 652 secundum
1660 606 1782 665 quod
1815 615 1883 650 est
1913 605 2083 649 homo:

123 672 253 717 aliter
269 685 439 729 tamen,
482 685 527 719 et
562 674 691 719 aliter
713 691 724 729 ;
747 689 857 718 nam
891 675 1144 718 secundum
1176 674 1298 733 quod
1340 685 1407 718 est
1442 674 1584 727 Deus,
1618 683 1831 732 operatur
1861 673 1909 716 in
1942 685 2087 716 sacra·

122 741 287 784 mentis
307 757 386 800 per
413 743 756 786 auctoritatem:
782 742 1035 786 secundum
1055 752 1207 786 autem
1236 741 1358 800 quod
1377 751 1444 785 est
1460 741 1621 794 homo,
1646 750 1860 798 operatur
1887 740 1943 783 ad
1975 740 2087 784 inte·

121 806 263 851 riores
291 809 471 854 effectus
498 820 892 854 sacramentorum
920 809 1166 862 meritorie,
1193 818 1238 852 et
1256 807 1517 861 efficienter,
1544 808 1622 852 sed
1648 807 2084 852 instrumentaliter:

123 873 295 918 dictum
322 887 386 921 est
411 876 535 921 enim
560 878 619 935 (q.
650 877 722 932 48.
740 882 778 920 et
802 876 912 934 49.)‚
937 876 1059 934 quod
1082 875 1233 934 passio
1262 874 1448 928 Christi,
1476 888 1593 933 quae
1621 875 1840 933 competit
1861 874 1903 918 ei
1929 887 2087 918 secun-

121 939 232 984 dum
265 941 513 988 humanam
544 953 769 996 naturam,
812 955 949 986 causa
982 951 1048 986 est
1085 952 1279 1001 nostrae·
1299 940 1633 1000 justificationis
1674 951 1719 985 et
1758 941 2007 995 meritorie,
2041 950 2085 985 et

121 1005 344 1062 effective,
368 1022 460 1054 non
485 1010 670 1068 quidem
695 1022 776 1067 per
793 1009 985 1052 modum
1012 1007 1273 1067 principalis
1298 1008 1486 1066 agentis,
1513 1008 1608 1051 sive
1641 1021 1721 1066 per
1748 1007 2084 1061 auctoritatem,

120 1074 200 1119 sed
226 1088 307 1134 per
330 1076 520 1120 modum
546 1075 848 1129 instrumenti,
875 1075 1147 1133 inquantum
1171 1075 1433 1118 humanitas
1460 1083 1528 1118 est
1547 1074 1902 1118 instrumentum
1930 1074 2086 1118 divini-

117 1141 223 1186 tatis
249 1143 362 1200 ejus,
389 1152 437 1186 ut
461 1157 593 1202 supra
620 1143 791 1187 dictum
819 1151 886 1186 est
914 1143 971 1200 (q.
998 1157 1053 1201 13.
1081 1148 1162 1186 art.
1184 1156 1225 1187 2.
1252 1148 1288 1186 et
1300 1141 1375 1200 3.).
1403 1141 1495 1185 Sed
1519 1151 1675 1184 tamen
1701 1143 1807 1199 quia
1834 1151 1902 1185 est
1925 1142 2087 1185 instru-

118 1217 324 1253 mentum
351 1211 647 1268 conjunctum
665 1210 887 1253 divinitati
907 1210 954 1252 in
971 1223 1180 1268 persona,
1206 1209 1342 1252 habet
1370 1208 1600 1267 quandam
1623 1208 2021 1267 principalitatem,
2044 1219 2088 1252 et

118 1274 432 1320 causalitatem
457 1288 663 1335 respectu
699 1277 1106 1322 instrumentorum
1139 1277 1497 1322 extrinsecorum
1530 1276 1608 1335 qui
1643 1286 1748 1320 sunt
1780 1276 1976 1320 ministri
2007 1275 2090 1320 Ec·

118 1341 299 1396 clesiae,
316 1353 366 1387 ut
381 1358 436 1387 ex
461 1344 727 1403 supradictis
741 1355 863 1403 patet
874 1344 979 1402 (art.
997 1360 1032 1389 1.
1046 1345 1132 1402 huj.
1146 1344 1232 1402 q.):
1251 1353 1296 1388 et
1319 1343 1424 1387 ideo
1443 1343 1559 1387 sicut
1573 1343 1798 1397 Christus,
1811 1343 2084 1402 inquantum

117 1409 258 1463 Deus,
299 1409 437 1455 habet
476 1422 748 1469 potestatem
777 1411 1055 1455 auctoritatis
1087 1411 1133 1454 in
1159 1410 1488 1464 sacramentis3
1514 1411 1592 1464 ita,
1617 1411 1889 1469 inquantum
1921 1411 2082 1464 homo,

116 1476 254 1520 habet
284 1486 558 1536 potestatem
583 1479 822 1523 ministerii
856 1477 1130 1537 principalis,
1166 1478 1262 1522 sive
1300 1488 1574 1536 potestatem
1608 1476 1930 1532 excellentiae;
1964 1491 2081 1537 quae

116 1543 301 1602 quidem
329 1544 536 1588 consistit
559 1545 605 1588 in
637 1551 848 1603 quatuor.-
878 1547 1020 1604 primo
1047 1545 1230 1603 quidem
1262 1545 1308 1588 in
1334 1545 1441 1598 hoc,
1460 1539 1583 1603 quod
1618 1545 1846 1598 meritum,
1877 1555 1922 1589 et
1941 1545 2083 1589 virtus

116 1611 341 1669 passionis
374 1612 470 1670 ejus
496 1623 710 1670 operatur
733 1613 780 1655 in
807 1613 1119 1666 sacramentis,
1147 1623 1195 1656 ut
1225 1626 1361 1670 supra
1387 1613 1559 1655 dictum
1594 1623 1660 1655 est
1685 1613 1743 1670 (q.
1777 1612 1848 1657 62.
1872 1619 1971 1667 art„
1983 1612 2079 1671 5.).·

117 1686 163 1722 et
185 1678 290 1736 quia
314 1678 454 1722 virtus
480 1679 704 1737 passionis
722 1679 961 1738 copulatur
974 1679 1106 1722 nobis
1128 1693 1208 1737 per
1228 1678 1382 1734 fidem,
1400 1679 1654 1722 secundum
1670 1678 1783 1722 illud
1796 1679 1852 1722 ad
1875 1678 2079 1738 Rom.3.:

117 1744 254 1801 Quem
278 1747 498 1804 proposuit
528 1747 644 1790 Deus
668 1748 997 1805 propitiatorem
1022 1754 1099 1805 per
1119 1745 1248 1805 fidem
1291 1747 1336 1789 in
1366 1747 1563 1804 sanguine
1594 1747 1735 1804 ipsius,
1774 1760 1912 1804 quam
1945 1745 2085 1790 fidem

115 1824 195 1870 per
218 1811 562 1856 invocationem
583 1813 786 1857 nominis
821 1813 993 1857 Christi
1024 1823 1354 1871 protestamur;
1380 1813 1484 1856 ideo
1521 1812 1692 1856 secundo
1727 1813 1783 1856 ad
1809 1822 2083 1871 potestatem

114 1878 424 1933 excellentiae,
446 1893 585 1938 quam
609 1879 817 1924 Christus
843 1880 980 1923 habet
1004 1880 1052 1923 in
1078 1880 1389 1933 sacramentis,
1416 1880 1624 1938 pertinet,
1650 1880 1774 1938 quod
1804 1880 1852 1923 in
1879 1882 1977 1938 ejus
2002 1895 2081 1924 no-

114 1945 240 1990 mine
264 1957 550 1990 sacramenta
575 1946 936 1990 sanctificentur:
961 1957 1006 1991 et
1030 1947 1136 2006 quia
1163 1960 1217 1990 ex
1250 1948 1345 2005 ejus
1375 1947 1659 1990 institutione
1686 1957 1974 1991 sacramenta
1999 1947 2084 1991 vir-

114 2021 261 2058 tutem
286 2013 506 2067 obtinent,
523 2014 628 2058 inde
646 2024 727 2067 est,
740 2013 862 2073 quod
885 2016 1002 2058 tertio
1023 2014 1079 2058 ad
1097 2013 1415 2058 excellentiam
1432 2014 1668 2071 potestatis
1687 2013 1858 2059 Christi
1875 2016 2083 2079 pertinet,

51 2103 53 2105 ·
115 2079 238 2140 quod
263 2079 376 2139 ipse,
412 2080 490 2139 qui
522 2080 645 2124 dedit
668 2082 884 2126 virtutem
911 2081 1225 2134 sacramentis,
1251 2081 1400 2140 potuit
1429 2081 1663 2125 instituere
1696 2092 2013 2126 sacramenta:
2040 2091 2086 2126 et

114 2147 221 2207 qnia
261 2160 400 2192 causa
430 2161 524 2191 non
557 2148 782 2207 dependet
814 2148 868 2192 ab
896 2147 1074 2202 effectu,
1107 2149 1186 2192 sed
1213 2148 1363 2206 potius
1395 2162 1420 2192 e
1447 2162 1687 2206 converso,
1713 2149 1818 2192 ideo
1853 2156 2003 2208 quarto
2025 2149 2082 2193 ad

112 2214 431 2259 excellentiam
456 2215 691 2274 potestatis
719 2215 892 2260 Christi
918 2216 1124 2274 pertinet,
1151 2215 1274 2274 quod
1300 2216 1398 2275 ipse
1424 2216 1574 2275 potuit
1592 2214 1807 2260 effectum
1823 2230 2082 2261 sacramen·

110 2291 266 2326 torum
287 2284 383 2326 sine
408 2282 623 2327 exteriori
648 2293 939 2326 sacramento
966 2282 1186 2327 conferre.

201 2348 256 2393 Et
295 2363 376 2408 per
399 2349 491 2393 hoc
516 2359 640 2408 patet
675 2350 912 2408 responsio
943 2363 1008 2395 AD
1033 2362 1271 2408 OBJEcTA3
1298 2361 1487 2409 utraque
1513 2350 1638 2395 enim
1663 2365 1767 2411 pars
1794 2350 2082 2410 objectorum

112 2416 364 2463 secundum
389 2416 558 2476 aliquid
584 2431 692 2462 vera
714 2427 795 2471 est,
822 2427 871 2462 ut
896 2417 1069 2461 dictum
1092 2426 1160 2462 est
1192 2419 1257 2475 (in
1289 2419 1439 2478 corp).

795 2578 1232 2638 ARTICULUS
1273 2579 1370 2636 1v.
1998 2609 2078 2655 353

115 2710 309 2752 UTRUM
332 2712 599 2753 CHRISTUS
620 2715 991 2754 POTESTATEM
1015 2716 1177 2767 SUAM,
1199 2716 1357 2761 QUAM
1376 2715 1583 2754 HABUIT
1605 2715 1662 2757 IN
1684 2716 2078 2767 SACRAMENTIS,

565 2797 840 2837 POTUERIT
882 2798 1154 2839 MINISTRIS
1197 2798 1618 2839 COMMUNICARE.

514 2915 575 2972 (4.
607 2916 719 2960 Dist.
750 2931 785 2974 5.
818 2932 856 2976 q.
890 2933 924 2962 ι.
958 2924 1039 2962 art.
1072 2932 1112 2963 2.
1145 2925 1183 2963 et
1214 2924 1295 2963 art.
1324 2934 1360 2979 3.
1395 2934 1433 2978 q.
1467 2935 1502 2965 1.
1536 2925 1572 2964 et
1603 2920 1681 2978 2.).

202 3023 279 3068 An
312 3037 549 3075 QUARTUM
574 3026 640 3070 sic
673 3030 946 3087 proceditur.
973 3031 1178 3086 Videtur,
1216 3032 1337 3091 quod
1376 3032 1587 3077 Christus
1624 3039 1896 3090 potestatem
1930 3043 2077 3084 suam,

114 3105 253 3151 quam
290 3092 447 3136 habuit
479 3092 525 3136 in
551 3097 862 3151 sacramentis,
888 3111 981 3142 non
1012 3100 1210 3157 potuerit
1242 3099 1457 3143 ministris
1485 3098 1852 3143 communicare:
1876 3107 1924 3140 ut
1950 3097 2074 3141 enim

114 3169 457 3219 argumentatur
482 3160 674 3219 August.
702 3174 860 3208 contra
881 3165 1116 3210 Maximin.
1143 3167 1238 3223 (lib.
1262 3182 1298 3225 3.
1337 3175 1426 3226 cap.
1451 3180 1489 3225 7.
1517 3166 1571 3210 ad
1591 3166 1712 3224 fin),
1749 3164 1827 3208 «si
1845 3164 2006 3222 potuit,
2031 3173 2076 3209 et

113 3240 208 3271 non
235 3226 395 3280 voluit,
422 3227 600 3271 invidus
622 3226 706 3273 fuit
727 3244 767 3273 »z
795 3229 873 3274 sed
899 3231 1067 3276 invidia
1085 3232 1222 3292 longe
1249 3233 1372 3277 suita
1392 3233 1594 3286 Christo,
1607 3232 1652 3275 in
1676 3245 1766 3289 quo
1790 3229 1873 3275 fuit
1896 3245 2078 3275 summa

113 3293 351 3353 plenitudo
376 3294 630 3350 charitatis3
657 3310 767 3354 ergo
796 3311 901 3341 cum
930 3298 1138 3344 Christus
1159 3315 1252 3344 non
1281 3300 1691 3344 communicaverit
1717 3312 1847 3342 suam
1884 3308 2079 3358 potesta-

112 3370 206 3405 tem
234 3362 466 3414 ministris,
492 3362 669 3406 videtur
695 3364 817 3421 quod
843 3378 937 3408 non
963 3367 1160 3424 potuerit
1182 3366 1541 3411 communicare.

203 3440 244 3471 2.
271 3428 569 3472 PRAETEREA.
599 3428 744 3487 Super
769 3429 879 3474 illud
907 3430 1037 3489 Joan.
1070 3446 1159 3488 14.:
1193 3434 1368 3492 Majora
1394 3434 1544 3477 horum
1569 3433 1716 3491 faciet,
1746 3431 1855 3475 dicit
1881 3431 2076 3491 August.

114 3494 256 3552 (tract.
284 3509 350 3554 72.
387 3497 433 3539 in
458 3495 583 3552 Joan.
619 3510 646 3540 a
677 3496 833 3553 med.).·
864 3512 888 3538 t<
913 3497 1104 3544 Prorsus
1138 3503 1286 3559 majus
1321 3501 1410 3543 hoc
1450 3513 1548 3543 esse
1575 3499 1782 3552 dixerim,
1819 3498 1997 3544 scilicet
2028 3508 2077 3544 ut

113 3575 168 3607 ex
202 3563 348 3621 impio
385 3563 529 3621 justus
571 3562 664 3617 fiat,
701 3577 841 3622 quam
877 3576 1030 3610 creare
1057 3566 1255 3620 coelum,
1288 3578 1332 3611 et
1357 3576 1526 3610 terram
1559 3581 1600 3610 »ι
1628 3565 1707 3609 sed
1735 3565 1947 3610 Christus
1979 3580 2075 3611 non

113 3629 261 3688 potuit
285 3629 630 3675 communicare
657 3630 890 3686 ministris,
916 3632 1039 3691 quod
1057 3643 1263 3679 crearent
1283 3633 1481 3687 coelum,
1507 3642 1553 3677 et
1572 3642 1764 3687 terram3
1790 3645 1902 3692 ergo
1923 3647 2073 3694 neque
