2352 3926
16 3595 19 3597 ·
23 3585 26 3588 .
14 3443 34 3558 ν-πεμῐψν-ῑ-

0 823 6 838 *-
0 773 6 783 ¹¹
0 431 17 750 Ἣ-’-ΨἿτ’.ἿΡΓΠτιν’-νυν.νπ*ψ,Α
9 375 11 378 .
11 340 13 343 ,

13 276 34 375 “””““”η
19 226 21 228 “
15 57 29 168 ’“

42 592 49 598 0

638 231 915 280 QUAESTIO
953 230 1178 273 Lxxxm.
1219 230 1527 273 Aru-murus
1567 231 1604 271 1.
1998 234 2104 290 757

156 343 185 359 ··
241 327 606 395 3.’ῬιιΑεί-εηᾼ.
634 335 764 381 Sicut
788 335 982 396 August.
1011 335 1120 381 dicit
1150 335 1197 380 in
1229 347 1270 392 a.
1297 335 1414 381 libro
1448 336 1504 382 de
1537 334 1666 382 Trin.
1695 335 1806 397 (cap.
1829 349 1868 396 7.
1901 337 1947 381 in
1964 338 2107 397 princ.

146 408 195 449 et
221 409 313 463 cap.
341 417 405 461 14.
430 404 477 447 in
506 404 620 463 fin),
652 419 675 444 «
693 402 738 447 in
764 402 1084 448 immolatione
1119 403 1291 450 Christi
1322 403 1446 449 idem
1469 413 1538 449 est
1561 403 1790 460 sacerdos,
1813 412 1858 448 et
1886 402 2108 448 hostia».

138 469 265 515 ³sed
253 484 298 514 m
326 469 630 515 celebratione
654 470 790 529 huius
816 470 1091 515 sacramenti
1114 484 1209 515 non
1235 481 1303 516 est
1328 470 1452 515 idem
1477 470 1706 526 sacerdos,
1733 479 1778 517 et
1801 470 1981 526 hostia3
1998 484 2108 566 ergo

149 536 395 583 celebratio
422 538 555 597 hujus
582 538 856 582 sacramenti
880 552 974 582 non
997 548 1064 582 est
1090 537 1263 583 Christi
1288 538 1563 583 immolatio.

238 605 352 650 SED
350 617 556 651 CONTRA
575 614 656 659 est,
678 604 801 665 quod
820 605 1012 664 August.
1041 604 1176 649 dicit
1165 620 1211 649 in
1237 604 1314 652 lib.
1334 605 1459 650 Sent.
1483 606 1696 666 Prosperi
1717 606 1835 664 (hab.
1856 607 1902 650 in
1923 606 2036 665 epist.
2048 619 2110 666 23.

148 673 223 718 sub
252 674 343 728 fin.,·
370 672 465 717 vide
486 679 575 732 cap.
589 686 653 731 52.
681 673 748 716 De
773 672 1007 717 Consecrat.
1035 673 1146 717 Dist.
1173 673 1263 732 2.).·
1295 689 1318 714 «
1342 673 1497 717 Semel
1522 672 1789 719 immolatus
1816 673 1945 719 estin
1970 686 2113 718 seme·

149 739 268 799 tipso
297 739 530 785 Christus:
558 749 602 784 et
626 749 782 784 tamen
805 739 1006 798 quotidie
1032 739 1301 784 immolatur
1324 740 1372 784 in
1398 751 1689 785 sacramento
1711 758 1754 788 ».

239 806 529 852 Responnno
555 806 815 860 dicendum,
846 806 969 865 quod
1010 806 1169 865 duplici
1193 808 1369 852 ratione
1402 807 1648 852 celebratio
1675 808 1810 867 hujus
1837 807 2114 853 sacramenti

142 873 315 936 >dIcitur
333 874 593 918 immolatio
622 873 817 918 Christi:
836 874 980 933 primo
1008 873 1207 931 quidem,
1235 875 1355 933 quia,
1383 876 1499 919 sicut
1521 875 1630 920 dicit
1646 876 1839 935 August.
1859 875 1916 920 ad
1935 874 2116 934 Simpli-

139 941 335 986 -cianum
369 941 461 998 (lib.
489 956 528 987 2.
555 956 593 1001 q.
616 956 652 1000 3.
690 947 785 985 ante
816 940 959 998 med),
996 939 1184 984 «solent
1218 940 1442 999 imagines
1479 955 1638 986 earum
1674 957 1824 987 rerum
1850 943 2114 987 nominibus

152 1008 383 1069 appellari,
410 1022 602 1068 quarum
628 1008 853 1066 imagines
879 1017 1006 1052 sunt:
1034 1007 1151 1052 sicut
1176 1022 1282 1052 cum
1298 1008 1524 1053 intuentes
1547 1010 1766 1067 tabulam,
1793 1019 1870 1054 aut
1894 1010 2115 1070 parietem

151 1077 325 1139 pictum
350 1076 572 1120 dicimus:
600 1074 681 1119 Ille
709 1074 876 1119 Cicero
911 1084 991 1129 est,
1019 1084 1063 1119 et
1082 1073 1161 1119 ille
1189 1074 1487 1120 Sallustius».
1517 1075 1779 1122 Celebratio
1802 1087 1955 1122 autem
1978 1077 2116 1136 hujus

152 1143 440 1198 sacramenti,
463 1143 580 1187 sicut
604 1156 739 1201 supra
765 1142 937 1187 dictum
961 1151 1028 1186 est
1052 1143 1110 1201 (q.
1138 1156 1205 1202 79.
1225 1148 1306 1188 art.
1325 1158 1359 1188 1.
1358 1142 1400 1200 )‚
1420 1143 1580 1202 imago
1599 1144 1824 1203 quaedam
1848 1154 1916 1189 est
1936 1158 2116 1204 reprae-

151 1212 374 1259 sentativa
398 1210 623 1270 passionis
650 1210 835 1263 Christi,
862 1224 978 1269 quae
1005 1220 1072 1255 est
1097 1223 1205 1254 vera
1231 1211 1329 1269 ejus
1354 1209 1641 1265 immolatio;
1669 1221 1713 1255 et
1739 1211 1844 1255 ideo
1873 1210 2117 1256 celebratio

150 1280 286 1339 hujus
311 1277 586 1324 sacramenti
617 1278 781 1322 dicitur
806 1277 982 1322 Christi
1005 1277 1288 1332 immolatio;
1315 1278 1435 1322 unde
1461 1278 1676 1323 Ambros.
1702 1279 1812 1323 dicit
1834 1293 1970 1338 super
1987 1279 2117 1338 epist.

154 1348 213 1392 ad
238 1346 374 1392 Hebr.
401 1346 513 1406 (sup.
539 1345 659 1391 illud.
686 1353 776 1405 cap.
801 1360 885 1391 10..·
916 1346 1122 1390 Umbram
1154 1346 1280 1402 enim,
1307 1346 1432 1403 etc.).·
1465 1346 1549 1390 «In
1578 1345 1766 1391 Christo
1793 1346 1939 1391 semel
1965 1346 2121 1391 oblata

154 1424 223 1460 est
245 1413 411 1469 hostia,
439 1413 494 1457 ad
526 1412 721 1457 salutem
748 1412 1073 1472 sempiternam
1098 1422 1286 1472 potens;
1313 1412 1420 1472 quid
1448 1427 1559 1472 ergo
1586 1413 1706 1458 nos?
1734 1414 1903 1459 Nonne
1929 1429 2009 1474 per
2035 1415 2122 1458 sin-

154 1482 287 1542 gulos
313 1481 407 1526 dies
436 1479 704 1527 offerimus?
733 1480 824 1525 Sed
848 1479 904 1524 ad
928 1481 1297 1525 recordationem
1330 1480 1492 1525 mortis
1519 1481 1670 1541 ejus».
1698 1482 1800 1527 Alio
1825 1481 1946 1527 modo
1978 1496 2121 1541 quan-

151 1559 252 1594 tum
266 1549 320 1593 ad
339 1547 553 1593 effectum
570 1547 794 1608 passionis
809 1547 994 1603 Christi,
1014 1547 1119 1607 quia
1132 1547 1307 1592 scilicet
1318 1562 1396 1608 per
1411 1548 1503 1592 hoc
1521 1558 1862 1593 sacramentum
1878 1548 2120 1609 participes

154 1616 378 1662 efficimur
397 1614 570 1660 fructus
590 1615 870 1659 Dominicae
893 1615 1115 1675 passionis
1134 1631 1145 1670 ;
1167 1615 1286 1660 unde
1308 1615 1355 1659 in
1382 1615 1581 1675 quadam
1613 1615 1882 1661 dominicali
1908 1617 2117 1661 oratione

155 1694 330 1730 secreta
356 1683 537 1729 dicitur:
568 1699 592 1725 «
612 1682 808 1735 Quoties
833 1682 968 1741 hujus
994 1682 1172 1726 hostiae
1199 1683 1584 1727 commemoratio
1613 1683 1879 1738 celebratur,
1906 1697 2021 1744 opus
2042 1697 2120 1727 no·

158 1762 277 1797 strae
301 1750 629 1809 redemptionis
655 1759 947 1794 exercetur».
977 1749 1214 1802 Quantum
1241 1749 1380 1808 igitur
1412 1749 1467 1794 ad
1487 1751 1680 1810 'primum
1707 1750 1912 1805 modum,
1944 1760 2122 1810 poterat

156 1820 246 1864 dici
273 1818 484 1864 Christus
511 1817 744 1862 immolari
762 1817 899 1861 etiam
912 1817 958 1860 in
972 1817 1126 1875 figuris
1152 1818 1316 1862 veteris
1343 1816 1631 1862 Testamenti
1649 1834 1659 1872 ;
1678 1818 1797 1862 unde
1816 1827 1859 1863 et
1876 1818 2024 1878 Apoc.
2055 1831 2121 1877 13.

157 1887 344 1932 dicitur:
373 1887 570 1944 Quorum
601 1887 774 1929 nomina
805 1900 887 1929 non
918 1891 1011 1929 sunt
1034 1887 1190 1945 scripta
1214 1887 1261 1930 in
1286 1885 1395 1930 libro
1420 1886 1533 1931 vitae
1558 1887 1673 1944 agni,
1701 1887 1774 1944 qui
1799 1887 1952 1930 occisus
1982 1892 2039 1931 est
2070 1887 2122 1930 ab

157 1956 318 2014 origine
352 1953 498 1998 mundi
507 1968 524 2005 ;
555 1952 634 1997 sed
668 1962 888 2012 quantum
914 1952 970 1996 ad
997 1952 1216 1997 secundum
1242 1953 1449 2008 modum,
1474 1953 1711 2012 proprium
1753 1962 1821 1998 est
1845 1953 1951 1998 huic
1978 1966 2125 1997 sacra-

157 2031 330 2076 mento,
356 2021 479 2081 quod
504 2020 552 2064 in
578 2021 674 2079 ejus
701 2019 1005 2065 celebratione
1033 2020 1243 2065 Christus
1269 2020 1547 2065 immoletur.

246 2090 324 2135 An
354 2100 542 2134 PRIMUM
565 2102 676 2146 ergo
699 2087 959 2142 dicendum,
991 2087 1130 2146 quod,
1162 2088 1279 2132 sicut
1303 2087 1518 2133 Ambros.
1546 2087 1716 2132 ibidem
1743 2087 1866 2141 dicit,
1887 2103 1910 2129 t<
1927 2102 2017 2131 una
2051 2097 2119 2132 est

156 2157 309 2203 hostia
325 2173 367 2211 n,
393 2169 532 2215 quam
572 2155 747 2200 scilicet
773 2154 982 2200 Christus
1015 2154 1189 2210 obtulit,
1213 2164 1257 2199 et
1286 2168 1371 2199 nos
1405 2154 1655 2209 offerimus,
1685 2171 1708 2197 «
1736 2166 1780 2200 et
1804 2169 1899 2199 non
1932 2155 2119 2207 multae,

158 2224 265 2285 quia
289 2223 434 2269 semel
451 2223 628 2267 oblatus
646 2232 713 2267 est
731 2222 939 2267 Christus
955 2239 979 2264 »
995 2236 1006 2266 z
1024 2222 1115 2266 hoc
1143 2232 1296 2267 autem
1313 2222 1587 2266 sacrificium
1610 2222 1873 2281 exemplum
1891 2232 1959 2267 est
1974 2221 2095 2266 illius
2113 2238 2123 2276 ;

157 2292 275 2338 sicut
299 2290 571 2350 enimquod
598 2289 764 2350 ubique
790 2288 990 2344 offertur,
1018 2304 1160 2334 unum
1186 2299 1254 2334 est
1279 2303 1458 2350 corpus,
1476 2300 1520 2335 et
1540 2304 1634 2334 non
1656 2289 1801 2334 multa
1828 2304 2037 2349 corpora,
2055 2289 2118 2334 ita

159 2368 205 2404 et
228 2371 371 2403 unum
397 2357 684 2402 sacrificium.

248 2425 324 2471 An
341 2437 602 2471 SECUNDUM
619 2425 879 2479 dicendum,
896 2424 1018 2484 quod
1036 2425 1153 2468 sicut
1175 2424 1419 2470 celebratio
1435 2425 1570 2483 hujus
1587 2425 1863 2470 sacramenti
1880 2435 1948 2470 est
1965 2424 2122 2483 imago

156 2493 540 2554 repraesentativa
562 2492 785 2552 passionis
798 2491 995 2547 Christi3
1018 2492 1080 2536 ita
1103 2491 1242 2536 altare
1261 2503 1328 2537 est
1344 2492 1779 2552 repraesentativum
1799 2492 1945 2537 crucis
1967 2492 2124 2551 ipsius,

159 2561 207 2606 in
233 2574 321 2620 qua
348 2559 557 2604 Christus
583 2561 628 2603 in
653 2560 836 2619 propria
861 2559 1012 2619 specie
1037 2558 1303 2603 immolatus
1330 2569 1410 2604 est.

252 2628 328 2672 An
362 2639 578 2672 TER‘nUM
605 2627 862 2681 dicendum,
881 2627 1002 2686 quod
1029 2641 1108 2686 per
1135 2626 1346 2671 eamdem
1373 2627 1599 2672 rationem
1626 2627 1763 2671 etiam
1781 2626 1994 2671 sacerdos
2011 2625 2127 2684 gerit

161 2695 411 2753 imaginem
438 2693 624 2748 Christi,
650 2693 696 2738 in
723 2695 850 2752 cujus
871 2708 1081 2752 persona,
1105 2705 1149 2739 et
1168 2696 1332 2739 virtute
1349 2694 1486 2739 verba
1502 2691 1766 2753 pronuntiat
1785 2694 1839 2737 ad
1858 2707 2127 2737 consecran-

163 2762 287 2816 dum,
312 2770 362 2805 ut
388 2775 443 2805 ex
467 2760 733 2821 supradictis
759 2770 883 2821 patet
909 2761 967 2821 (q.
982 2769 1127 2822 praec.
1154 2768 1236 2807 art.
1254 2777 1289 2807 Ι.
1308 2768 1344 2807 et
1360 2762 1450 2822 3.)‚·
1478 2771 1520 2806 et
1545 2762 1607 2806 ita
1635 2760 1980 2821 quodammodo
2002 2760 2125 2805 idem

165 2838 234 2875 est
257 2828 485 2883 sacerdos,
511 2838 556 2873 et
579 2827 744 2872 hostia.

855 3008 1292 3066 ARTICULUS
1333 3009 1404 3064 II.
2042 3035 2121 3081 505

165 3144 358 3184 UTRUM
380 3142 807 3183 CONVENIENTER
834 3143 919 3182 SIT
945 3144 1387 3184 DETERMINATUM
1421 3143 1634 3183 TEMPUS
1670 3141 2124 3182 CELEBRATIONIS.

763 3251 826 3310 (4.
853 3252 966 3298 Dist.
993 3269 1047 3314 13.
1075 3270 1113 3314 q.
1139 3271 1175 3301 1.
1203 3260 1285 3300 art.
1312 3269 1350 3300 2.
1385 3269 1423 3313 q.
1450 3253 1530 3311 4.).

257 3363 334 3409 An
360 3376 620 3408 SECUNDUM
637 3362 701 3407 sic
720 3363 991 3422 proceditur.
1013 3364 1216 3419 Videtur,
1235 3364 1356 3424 quod
1376 3363 1749 3408 inconvenienter
1775 3363 1832 3407 sit
1859 3363 2128 3408 determina-

167 3441 267 3476 tum
290 3441 471 3491 tempus
498 3430 814 3475 celebrationis
830 3430 963 3489 hujus
981 3434 1207 3492 mysterii:
1235 3433 1325 3476 hoc
1353 3432 1474 3476 enim
1504 3441 1843 3476 sacramentum
1866 3441 1934 3476 est
1955 3445 2130 3490 reprae-

169 3498 441 3543 sentativum
467 3497 742 3542 Dominicae
765 3498 1002 3555 passionis,
1028 3509 1077 3544 ut
1097 3500 1269 3544 dictum
1297 3509 1364 3543 est
1388 3499 1492 3557 (art.
1512 3500 1703 3558 praem:
1732 3498 1810 3543 sed
1840 3511 2126 3543 commemo-

170 3563 287 3609 ratio
302 3564 577 3610 Dominicae
594 3564 816 3625 passionis
838 3564 887 3608 fit
907 3565 953 3610 in
970 3565 1174 3611 Ecclesia
1192 3565 1337 3610 semel
1353 3566 1398 3609 in
1417 3579 1561 3610 anno:
1587 3566 1693 3610 dicit
1715 3565 1838 3609 enim
1856 3565 1976 3624 Aug.
1995 3579 2129 3624 super

171 3627 341 3678 Psalm.
368 3644 438 3677 21.
465 3632 533 3690 (in
547 3632 731 3691 praefat.
749 3631 803 3676 ad
827 3634 995 3692 exposit.
1018 3647 1057 3679 2.
1084 3636 1171 3692 ejus
1191 3634 1343 3679 Psalm.
1362 3634 1438 3678 cir.
1455 3632 1648 3693 princ.).·
1679 3649 1702 3676 «
1732 3632 2126 3692 Quotiescumque
