2352 3926
645 169 924 217 Qnasss’rio
965 167 1187 207 Lxxxw.
1225 166 1534 208 ARTlcuws
1573 166 1626 206 v.
2013 149 2118 220 807

168 271 291 320 mino
331 271 483 332 primo
520 272 750 317 restitutus
786 281 854 316 est
889 270 946 316 ad
971 269 1294 330 imperfectum
1318 269 1492 323 visum;
1518 268 1637 313 unde
1665 269 1746 312 ait:
1782 266 1903 312 Video
1945 267 2127 311 homines

172 340 279 385 velut
307 341 479 385 arbores
518 339 800 387 ambulantes.-
842 337 1006 383 deinde
1043 338 1275 383 restitutus
1317 347 1385 382 est
1417 334 1630 396 perfecte,
1664 337 1725 380 ita
1761 333 1986 380 invideret
2017 333 2127 378 clare

170 409 337 452 onmia.-
359 406 635 452 illuminatio
662 416 813 451 autem
848 405 976 450 caeci
1000 404 1225 464 significat
1249 403 1568 449 liberationem
1595 400 1875 462 peccatoris;
1907 410 2012 460 post
2042 400 2128 459 pri-

168 488 292 519 mam
318 487 428 533 ergo
455 473 773 518 remissionem
806 471 984 532 culpae,
1010 486 1100 532 qua
1125 481 1342 531 peccator
1373 470 1621 516 restituitur
1653 469 1709 514 ad
1740 469 1892 515 visum
1922 467 2127 528 spiritua-

167 539 271 595 lem,
298 540 446 586 adhuc
472 550 712 585 remanent
735 540 783 584 in
809 553 865 584 eo
893 538 1070 598 aliquae
1096 538 1314 597 reliquiae
1340 539 1517 597 peccati
1542 536 1785 595 praeteriti.

254 608 544 654 Responnno
577 607 837 661 dicendum,
874 606 997 666 quod
1033 616 1275 665 peccatum
1321 603 1516 649 mortale
1552 619 1607 648 ex
1641 613 1767 663 parte
1815 601 2128 648 conversionis

168 674 450 720 inordinatae
477 675 534 720 ad
558 675 734 719 bonum
751 673 1081 718 commutabile
1097 673 1325 732 quandam
1343 671 1692 731 dispositionem
1715 680 1873 715 causat
1896 670 1943 714 in
1962 670 2129 723 anima,

167 741 239 787 vel
279 742 420 787 etiam
455 742 678 797 habitum,
719 741 758 786 si
798 751 925 785 actus
964 739 1225 799 frequenter
1262 740 1467 794 iteretur3
1504 739 1621 784 sicut
1655 748 1807 782 autem
1849 737 2022 782 dictum
2063 745 2132 781 est

169 810 272 867 (art.
297 811 481 869 praec),
516 804 648 869 culpa
674 807 851 867 peccati
876 806 1083 851 mortalis
1115 806 1372 860 remittitur,
1407 806 1679 865 inquantum
1711 804 1887 850 tollitur
1922 818 2002 863 per
2034 815 2132 862 gra-

165 877 278 922 tiam
303 877 480 922 aversio
507 875 679 921 mentis·
698 889 726 919 a
749 875 869 919 Deo.
893 872 1082 917 Sublato
1111 883 1265 917 autem
1291 887 1364 927 ev,
1391 873 1514 932 quod
1541 883 1610 917 est
1635 886 1689 916 ex
1711 881 1838 931 parte
1865 869 2130 923 aversionis,

164 943 465 989 nihilominus
490 957 731 988 remanere
756 950 906 1001 potest
930 940 991 996 id,
1018 940 1140 999 quod
1164 950 1231 984 est
1257 955 1311 984 ex
1341 950 1468 999 parte
1495 939 1806 984 conversionis
1832 937 2131 990 inordinatae,

168 1025 275 1055 cum
299 1011 420 1055 hanc
447 1010 685 1068 contingat
711 1023 809 1054 esse
831 1008 929 1052 sine
954 1006 1047 1061 illa,
1073 1007 1190 1051 sicut
1210 1006 1332 1066 prius
1354 1006 1527 1051 dictum
1545 1016 1613 1051 est
1641 1006 1742 1062 (art.
1754 1005 1941 1065 praec.).·
1967 1015 2011 1049 et
2026 1003 2131 1049 ideo

166 1076 282 1123 nihil
305 1076 531 1136 prohibet,
562 1077 686 1136 quin,
718 1075 910 1120 remissa
943 1073 1091 1134 culpa,
1122 1083 1390 1118 remaneant
1421 1073 1741 1132 dispositiones
1776 1087 1830 1117 ex
1861 1072 2134 1132 praeceden-

163 1145 283 1190 tibus
299 1144 473 1189 actibus
491 1153 717 1197 causatae,
735 1157 851 1202 quae
869 1142 1078 1187 dicuntur
1093 1141 1270 1201 peccati
1286 1140 1525 1200 reliquiae:
1548 1150 1786 1184 remanent
1800 1150 1955 1184 tamen
1973 1138 2127 1183 debili-

163 1221 301 1267 tatae,
310 1220 358 1257 et
373 1211 639 1266 diminutae,
653 1211 718 1256 ita
732 1211 854 1270 quod
871 1209 1051 1254 homini
1062 1223 1157 1253 non
1174 1208 1488 1263 dominentur;
1507 1218 1551 1252 et
1567 1208 1658 1251 hoc
1676 1207 1823 1266 magis
1840 1221 1919 1266 per
1935 1205 2129 1250 modurn

165 1278 533 1338 dispositionum,
559 1293 698 1338 quam
723 1291 802 1338 per
829 1277 1021 1322 modum
1042 1276 1296 1330 habituum,
1319 1277 1436 1320 sicut
1463 1276 1602 1320 etiam
1625 1284 1832 1319 remanet
1857 1273 2007 1318 fomes
2024 1283 2129 1333 post

163 1346 457 1406 baptismum.
2134 1379 2136 1382 ,

254 1413 332 1459 AD
356 1426 547 1459 PRIMUM
583 1426 695 1472 ergo
722 1412 984 1465 dicendum,
1010 1411 1132 1470 quod
1158 1411 1286 1455 Deus
1310 1420 1461 1455 totum
1487 1410 1729 1454 hominem
1754 1407 1952 1468 perfecte
1979 1416 2129 1452 curat:

166 1481 245 1526 sed
270 1481 545 1541 quandoque
566 1481 738 1535 subit0;
770 1480 887 1525 sicut
912 1493 1098 1523 socrum
1123 1479 1247 1523 Petri
1278 1478 1433 1523 statim
1465 1477 1659 1537 restituit
1682 1476 1910 1537 perfectae
1937 1474 2134 1528 sanitati,

167 1550 230 1594 ita
249 1554 298 1594 ut
310 1562 478 1607 surgens
493 1549 751 1593 ministraret
772 1547 868 1601 illis,
896 1556 945 1591 ut
969 1545 1135 1605 legitur
1159 1546 1271 1590 Luc.
1298 1558 1356 1600 4.‚
1383 1545 1660 1604 quandoque
1687 1555 1840 1589 autem
1862 1543 2135 1595 successive,

167 1614 284 1660 sicut
308 1614 483 1660 dictum
500 1626 568 1660 est
594 1615 655 1674 (q.
672 1629 744 1673 44.
763 1620 844 1659 art.
863 1629 899 1672 3.
918 1612 971 1658 ad
991 1613 1056 1671 2.)
1074 1613 1129 1657 de
1152 1627 1293 1658 caeco
1318 1612 1594 1666 illuminato,
1615 1612 1757 1656 Marc.
1776 1611 1817 1655 8.
1835 1610 1892 1655 Et
1915 1611 1979 1655 ita
1996 1609 2136 1654 etiam

166 1682 455 1743 spiritualiter
480 1683 755 1743 quandoque
786 1691 913 1726 tanta
945 1681 1261 1726 commotione
1295 1680 1522 1724 convertit
1553 1693 1634 1724 cor
1658 1679 1876 1733 hominis,
1903 1688 1954 1722 ut
1984 1676 2134 1721 subito

169 1749 369 1809 perfecte
401 1760 707 1810 consequatur
739 1749 981 1795 sanitatem
1011 1747 1310 1809 spiritualem,
1334 1762 1430 1792 non
1466 1746 1619 1792 solum
1645 1747 1836 1791 remissa
1873 1745 2020 1805 culpa,
2053 1744 2133 1789 sed

166 1816 357 1863 sublatis
384 1818 596 1862 omnibus
618 1817 795 1876 peccati
819 1815 1036 1876 reliquiis,
1062 1826 1112 1860 ut
1132 1825 1257 1875 patet
1278 1815 1333 1859 de
1354 1813 1632 1874 Magdalena
1650 1814 1760 1858 Luc.
1779 1827 1819 1871 7.
1841 1811 2135 1871 Quandoque

166 1895 321 1930 autem
346 1885 470 1945 prius
494 1885 683 1931 remittit
711 1884 894 1944 culpam
921 1898 1002 1944 per
1027 1883 1221 1942 gratiam
1248 1892 1540 1942 operantem3
1567 1891 1613 1926 et
1638 1890 1797 1940 postea
1834 1895 1915 1940 per
1941 1879 2136 1938 gratiam

170 1963 498 2013 cooperantem
519 1953 775 1998 successive
801 1951 922 1997 tollit
945 1952 1124 2012 peccati
1148 1950 1379 2010 reliquias.

255 2020 333 2064 AD
351 2033 612 2065 SECUNDUM
634 2018 894 2073 dicendum,
912 2018 1035 2078 quod
1058 2028 1301 2077 peccatum
1328 2017 1468 2061 etiam
1491 2015 1766 2075 quandoque
1785 2014 1938 2059 statim
1962 2013 2139 2058 inducit

169 2086 368 2132 debilem
393 2087 760 2147 dispositionem,
784 2096 942 2145 utpote
959 2099 1040 2145 per
1064 2100 1207 2129 unum
1225 2094 1381 2128 actum
1399 2093 1659 2138 causatam3
1687 2082 1962 2141 quandoque
1985 2089 2138 2125 autem

166 2153 421 2210 fortiorem,
448 2164 683 2199 causatam
702 2167 783 2213 per
809 2152 980 2198 multos
1002 2161 1145 2197 actus.

256 2222 334 2267 AD
367 2234 585 2267 TERTIUM
622 2221 882 2275 dicendum,
923 2219 1046 2279 quod
1080 2233 1173 2263 uno
1211 2227 1316 2263 actu
1348 2218 1556 2262 humano
1593 2231 1688 2261 non
1721 2215 1945 2261 tolluntur
1976 2228 2140 2260 omnes

166 2288 386 2349 reliquiae
411 2289 603 2349 peccati,
629 2289 750 2348 quia,
767 2298 816 2332 ut
843 2288 1006 2332 dicitur
1022 2287 1069 2331 in
1086 2287 1475 2332 Praedicamentis
1495 2292 1610 2346 (cap.
1636 2287 1703 2330 De
1729 2286 1914 2345 Opposil.
1937 2299 1964 2329 a
1988 2284 2133 2343 med),

167 2372 192 2398 α
215 2369 380 2415 pravus
407 2356 464 2400 ad
491 2355 706 2400 meliores
733 2355 1080 2399 exercitationes
1103 2354 1323 2398 deductus
1350 2353 1407 2397 ad
1433 2354 1687 2407 modicum,
1715 2352 1883 2412 aliquid
1910 2351 2135 2411 proficiet,

168 2433 219 2468 ut
243 2422 408 2468 melior
433 2423 515 2468 sit:
558 2422 862 2482 multiplicato
890 2434 1045 2467 autem
1084 2422 1316 2477 exercitio,
1344 2423 1400 2466 ad
1435 2422 1527 2466 hoc
1569 2421 1789 2481 pervenit,
1815 2431 1866 2466 ut
1901 2421 1958 2465 sit
1988 2421 2139 2465 bonus

166 2490 332 2535 virtute
354 2489 575 2550 acquisita
602 2507 642 2534 >›.
670 2490 774 2535 Hoc
802 2499 956 2535 autem
981 2488 1129 2534 multo
1158 2488 1386 2535 efficacius
1413 2488 1523 2534 facit
1548 2489 1701 2534 divina
1727 2488 1887 2548 gratia,
1911 2489 2007 2533 sive
2029 2501 2141 2542 uno,

168 2558 265 2602 sive
285 2556 488 2617 pluribus
511 2557 699 2602 actibus.

862 2733 1297 2792 ARTICULUS
1331 2734 1431 2790 VI.
2058 2760 2135 2807 531

332 2870 527 2909 UTRUM
566 2870 816 2910 REMISSIO
859 2870 1071 2909 CULPAE
1111 2870 1196 2908 SIT
1236 2869 1515 2908 EFFECTUS
1555 2867 1983 2908 POENITENTIAE.

764 2981 830 3039 (4.
856 2981 966 3026 Dist.
992 2994 1057 3039 14.
1085 2995 1124 3040 q.
1148 2995 1189 3026 2.
1216 2987 1298 3025 art.
1331 2996 1366 3025 1.
1400 2995 1437 3039 q.
1466 2979 1539 3036 r.).

258 3093 335 3137 An
362 3104 554 3137 saxi-tm
581 3091 646 3137 sic
662 3092 937 3152 proceditur.
966 3091 1168 3147 Videtur,
1195 3091 1316 3151 quod
1338 3091 1548 3136 remissio
1575 3089 1736 3150 culpae
1757 3104 1853 3135 non
1870 3090 1927 3135 sit
1945 3089 2135 3135 effectus

168 3159 490 3220 poenitentiae,
517 3159 767 3204 secundum
793 3159 916 3219 quod
944 3169 1011 3204 est
1039 3160 1204 3204 virtus:
1233 3159 1395 3203 dicitur
1427 3158 1550 3202 enim
1575 3157 1855 3217 poenitentia
1885 3157 2042 3212 virtus,
2068 3172 2141 3202 se-

169 3226 371 3273 cundum
396 3227 520 3286 quod
547 3236 613 3271 est
638 3226 912 3286 principium
927 3226 1119 3271 humani
1137 3236 1286 3270 actus:
1305 3225 1383 3270 sed
1406 3225 1634 3269 humanus
1657 3234 1784 3270 actus
1800 3238 1895 3269 non
1919 3234 2138 3284 operatur

169 3294 225 3339 ad
251 3293 572 3339 remissionem
599 3292 775 3353 culpae,
801 3307 918 3353 quae
958 3304 1026 3338 est
1065 3292 1252 3338 effectus
1285 3293 1455 3351 gratiae
1491 3293 1746 3352 operantis;
1779 3306 1889 3351 ergo
1919 3292 2134 3337 remissio

169 3360 332 3421 culpae
356 3374 452 3405 non
475 3361 543 3405 est
568 3358 757 3406 effectus
778 3360 1100 3419 poenitentiae,
1132 3360 1386 3404 secundum
1413 3359 1535 3418 quod
1563 3369 1631 3404 est
1653 3360 1812 3404 virtus.

258 3439 299 3473 2.
325 3428 623 3473 Puni-enm.
653 3426 897 3480 Quaedam
934 3426 1050 3472 aliae
1074 3427 1262 3472 virtutes
1303 3436 1409 3471 sunt
1447 3426 1792 3472 excellentiores
1824 3427 2137 3486 poenitentia:

167 3493 247 3539 sed
272 3495 483 3540 remissio
505 3494 671 3554 ,culpae
696 3508 791 3538 non
819 3493 981 3539 dicitur
1005 3492 1192 3538 effectus
1219 3493 1410 3551 alicujus
1428 3493 1612 3539 alterius
1623 3494 1826 3549 virtutis3
1853 3508 1964 3553 ergo
1988 3493 2127 3537 etiarn

165 3573 263 3606 non
273 3570 343 3607 est
363 3560 551 3607 effectus
576 3561 899 3621 poenitentiae,
924 3561 1176 3606 secundum
1204 3559 1326 3620 quod
1354 3569 1420 3605 est
1441 3561 1596 3607 virtus.
