2352 3926
272 228 379 285 242
779 223 1060 270 QUAESTIO
1094 221 1270 261 xxvn.
1312 221 1620 263 ARTICULUS
1658 222 1731 262 VI.

271 339 320 375 ut
340 331 457 374 intra
482 329 658 373 viscera
675 336 881 371 materna
906 326 1000 384 jam
1025 336 1181 384 posset
1202 340 1469 385 agnoscere,
1496 326 1696 382 credere,
1722 326 1980 372 consentire
2005 327 2085 386 (ad
2111 327 2236 387 quod

271 398 318 442 in
346 397 444 441 aliis
469 394 667 454 parvulis
701 403 825 438 aetas
852 402 1128 453 expectatur,
1153 403 1203 438 ut
1227 393 1438 453 possint),
1461 403 1506 439 et
1529 394 1620 439 hoc
1645 394 1694 438 in
1720 393 1955 439 miraculis
1971 394 2237 440 habendum

272 474 383 524 puto
406 464 584 507 divinae
610 461 841 521 potentiae
860 475 908 504 »z
937 460 1016 504 sed
1046 460 1152 520 quia
1189 475 1399 520 expresse
1424 461 1471 505 in
1500 461 1752 520 Evangelio
1787 460 1948 518 (Lucae
1970 462 2029 511 1.)
2058 461 2236 516 dicitur,

274 531 396 591 quod
429 531 595 589 Spiritu
617 529 769 573 San-cto
811 528 1036 587 replebitur
1067 527 1199 573 adhuc
1224 543 1275 573 ex
1299 535 1415 574 utero
1447 531 1594 573 matris
1619 542 1729 582 suae,
1758 537 1803 572 et
1833 527 1890 573 de
1911 527 2145 573 Hieremia
2162 542 2238 574 ex-

272 612 424 657 presse
451 597 634 640 dicitur:
662 597 901 654 Antequam
923 597 1054 640 exires
1079 595 1126 640 de
1150 595 1299 650 vulva,
1329 597 1593 655 sanctificavi
1631 602 1681 650 te,
1717 594 2012 639 asserendum
2045 595 2237 649 videtur,

273 679 353 709 eos
379 664 685 708 sanctificatos
702 663 748 706 in
770 673 925 707 utero:
945 662 1153 721 quamvis
1169 662 1216 706 in
1235 672 1364 707 utero
1384 676 1518 707 usum
1534 662 1664 707 liberi
1683 662 1852 706 arbitrii
1867 675 1963 706 non
1982 661 2238 717 habuerint,

274 732 328 776 de
345 745 437 791 quo
455 730 739 789 Augustinus
756 730 855 788 (loc.
874 731 964 788 cit.)
989 730 1306 789 quaestionem
1323 740 1502 775 movet:
1522 731 1638 774 sicut
1654 729 1793 774 etiam
1810 729 1952 789 pueri,
1974 729 2054 789 qui
2077 729 2240 774 sancti-

272 799 464 843 ficantur
488 812 567 856 per
593 797 886 856 baptismum,
907 811 1002 841 non
1028 797 1181 841 statim
1206 797 1377 841 habent
1402 811 1536 841 usum
1562 796 1692 840 liberi
1718 796 1910 842 arbitrii:
1936 810 2021 841 nec
2054 806 2122 841 est
2146 811 2238 841 cre-

272 866 487 919 dendum,
514 864 691 924 aliquos
725 864 840 927 alios
862 864 1168 909 sanctificatos
1195 878 1295 908 esse
1327 865 1374 907 in
1406 875 1553 918 utero,
1580 864 1635 908 de
1669 864 1829 923 quibus
1857 863 2090 923 Scriptura
2113 877 2239 908 men-

270 933 445 977 tionem
471 947 566 976 non
602 931 724 985 facit,
761 933 866 991 quia
892 931 1158 990 hujusmodi
1182 930 1419 990 privilegia
1451 932 1636 988 gratiae,
1663 946 1780 990 quae
1819 931 1982 975 dantur
2014 930 2236 990 aliquibus

271 1011 448 1059 praeter
474 999 627 1058 legem
654 1013 968 1053 communem,
989 999 1254 1043 ordinantur
1273 999 1329 1043 ad
1358 998 1599 1043 utilitatem
1618 998 1829 1052 aliorum,
1848 998 2100 1042 secundum
2123 997 2235 1042 illud

277 1082 311 1112 1.
326 1068 381 1112 ad
400 1067 611 1112 Corinth.
635 1079 724 1111 12.:
751 1068 980 1125 Unicuique
997 1067 1122 1111 datur
1139 1067 1419 1125 manifestatio
1441 1068 1610 1126 spiritus
1631 1066 1685 1110 ad
1705 1066 1954 1111 utilitatem.-
1973 1080 2089 1125 quae
2110 1064 2236 1110 nulla

271 1135 530 1195 proveniret
552 1149 606 1178 ex
627 1134 988 1180 sanctificatione
1013 1133 1273 1193 aliquorum
1293 1134 1340 1177 in
1367 1143 1512 1187 utero,
1539 1134 1626 1177 nisi
1647 1133 1880 1177 Ecclesiae
1905 1133 2233 1178 innotesceret:

272 1213 316 1248 et
337 1203 545 1263 quamvis
570 1202 848 1261 judiciorum
874 1201 962 1245 Dei
989 1215 1083 1245 non
1109 1201 1253 1259 possit
1273 1201 1389 1245 ratio
1417 1201 1652 1259 assignari,
1679 1215 1818 1260 quare
1840 1199 2015 1244 scilicet
2040 1201 2162 1255 huic,
2189 1210 2236 1245 et

270 1285 365 1314 non
393 1269 469 1314 alii
493 1270 584 1313 hoc
611 1283 778 1312 munus
797 1269 968 1326 gratiae
992 1267 1196 1312 conferat
1209 1283 1220 1322 ;
1248 1268 1526 1312 conveniens
1544 1278 1697 1312 tamen
1715 1267 1891 1311 videtur
1906 1266 2046 1312 fuisse
2068 1277 2238 1312 utrum-

271 1352 358 1397 que
385 1337 612 1381 dictorum
646 1336 920 1380 sanctificari
951 1335 998 1378 in
1036 1346 1164 1379 utero
1199 1335 1254 1378 ad
1281 1335 1677 1394 praefigurandam
1709 1333 2121 1379 sanctificationem
2153 1349 2234 1395 per

272 1405 509 1449 Christum
525 1402 804 1446 faciendam:
816 1404 961 1461 primo
980 1402 1165 1461 quidem
1182 1416 1263 1460 per
1281 1403 1377 1459 ejus
1394 1401 1672 1461 passionem,
1685 1401 1938 1446 secundum
1954 1401 2080 1446 illud.
2098 1402 2236 1448 Hebr.

270 1471 359 1515 ult:
380 1473 509 1529 Jesus,
538 1477 581 1514 ut
605 1471 878 1529 sanctificaret
893 1477 972 1529 per
997 1484 1118 1513 suum
1143 1470 1384 1527 sanguinem
1407 1469 1623 1528 popolum,
1651 1474 1771 1513 extra
1793 1475 1968 1529 portam
1981 1477 2129 1529 passus
2151 1475 2235 1515 ast:

270 1553 408 1598 quam
435 1538 619 1597 quidem
650 1536 912 1595 passionem
934 1535 1192 1580 Hieremias
1226 1543 1268 1579 et
1292 1535 1456 1592 verbis,
1483 1544 1526 1579 et
1549 1535 1777 1594 mysteriis
1804 1535 2087 1594 apertissime
2113 1550 2238 1596 prae·

269 1606 507 1658 nuntiavit,
536 1615 578 1649 et
604 1604 695 1648 suis
722 1603 1010 1662 passionibus
1037 1603 1374 1662 expressissime
1402 1602 1745 1661 praefiguravit:
1771 1603 1942 1648 secundo
1968 1618 2050 1663 per
2075 1603 2239 1664 baptis-

271 1688 415 1726 mum,
442 1671 695 1716 secundum
722 1670 833 1714 illud
856 1685 891 1715 1.
921 1669 976 1713 ad
1005 1669 1215 1714 Corinth.
1244 1667 1314 1714 6.:
1341 1669 1418 1714 Sed
1450 1670 1583 1714 abluti
1614 1672 1718 1724 estis,
1751 1669 1818 1715 sed
1846 1672 2097 1730 sanctificati
2121 1673 2234 1717 estis:

271 1741 326 1784 ad
353 1755 491 1799 quem
519 1739 703 1798 quidem
728 1737 1006 1796 baptismum
1022 1737 1222 1795 Joannes
1249 1751 1331 1781 suo
1365 1737 1591 1796 baptismo
1619 1737 1831 1781 homines
1858 1739 2155 1796 praeparavit.

360 1809 437 1852 AD
463 1820 652 1852 PRIMUM
678 1819 790 1862 ergo
823 1805 1084 1858 dicendum,
1117 1804 1239 1863 quod
1276 1805 1418 1848 Beata
1453 1804 1613 1863 Virgo,
1640 1819 1755 1863 quae
1786 1805 1869 1850 fuit
1894 1820 1920 1850 a
1954 1806 2058 1851 Deo
2090 1805 2237 1851 electa

270 1877 315 1919 in
343 1886 552 1927 matrem,
580 1874 852 1934 ampliorem
879 1872 1253 1917 sanctificationis
1285 1872 1479 1930 gratiam
1512 1872 1721 1926 obtinuit,
1759 1887 1898 1931 quam
1917 1873 2118 1931 Joannes
2150 1874 2236 1917 Ba·

270 1944 418 2003 ptista,
451 1952 496 1986 et
527 1942 798 1995 Hieremias,
831 1940 910 1999 qui
941 1950 1045 1983 sunt
1077 1939 1211 1984 electi
1243 1949 1292 1983 ut
1323 1939 1543 1997 speciales
1575 1939 1956 1999 praefiguratores
1986 1940 2238 1986 sanctifica·

268 2011 406 2054 tionis
425 2009 618 2064 Christi;
646 2010 773 2067 cujus
801 2009 985 2066 signum
1004 2017 1083 2060 est,
1109 2007 1230 2065 quod
1250 2007 1298 2050 B.
1327 2006 1506 2065 Virgini
1524 2007 1789 2065 praestitum
1807 2017 1888 2062 est,
1913 2018 1963 2052 ut
1979 2009 2035 2053 de
2053 2018 2234 2054 caetero

267 2092 362 2122 non
389 2087 600 2136 peccaret
624 2090 709 2132 nec
737 2074 1003 2128 mortaliter,
1020 2088 1104 2118 nec
1129 2073 1390 2127 venialiter;
1419 2073 1517 2117 aliis
1541 2084 1693 2118 autern
1720 2074 2012 2120 sanctificatis
2039 2074 2237 2121 creditur

268 2145 534 2203 praestitum
550 2157 663 2197 esse,
681 2153 730 2187 ut
746 2143 800 2187 de
820 2151 1000 2186 caetero
1019 2140 1273 2185 mortaliter
1298 2155 1392 2184 non
1413 2151 1670 2199 peccarent,
1697 2141 1850 2186 divina
1867 2156 1947 2187 eos
1964 2142 2110 2202 gratia
2134 2157 2236 2202 pro-

267 2222 462 2271 tegente.
1565 2225 1571 2230 ·

356 2280 432 2324 AD
466 2290 727 2323 SECUNDUM
763 2276 1022 2329 dicendum,
1060 2274 1181 2334 quod
1215 2284 1436 2334 quantum
1469 2274 1525 2319 ad
1564 2275 1651 2319 alia
1684 2285 1930 2334 potuerunt
1959 2276 2106 2322 sancti
2137 2291 2236 2323 esse

269 2346 454 2391 Christo
482 2345 835 2402 conjunctiores,
868 2357 1007 2402 quam
1034 2343 1305 2396 Hieremias,
1333 2352 1376 2386 et
1396 2342 1596 2400 Joannes
1624 2343 1839 2402 Baptista,
1866 2343 1944 2403 qui
1962 2353 2119 2389 tamen
2143 2344 2236 2390 fue·

265 2423 371 2458 runt
396 2414 438 2458 ei
463 2411 837 2470 conjunctissimi,
865 2420 1084 2469 quantum
1112 2409 1167 2453 ad
1191 2423 1449 2468 expressam
1472 2409 1666 2468 figuram
1684 2410 2056 2456 sanctificationis
2074 2411 2232 2471 ipsius,

268 2491 315 2526 ut
341 2481 513 2525 dictum
540 2490 608 2524 est
632 2481 696 2536 (in
722 2486 834 2537 corp.
863 2485 943 2522 art.
942 2478 982 2535 ).

357 2548 433 2592 AD
462 2559 677 2591 TERTIUM
710 2545 968 2598 dicendum,
996 2544 1118 2603 quod
1146 2544 1395 2597 miseratio,
1423 2544 1478 2588 de
1506 2559 1594 2603 qua
1620 2544 1682 2588 ibi
1701 2544 1786 2603 Job
1819 2544 2034 2605 loquitur,
2059 2559 2154 2590 non
2180 2545 2235 2590 si-

267 2615 454 2674 gnificat
477 2615 690 2658 virtutem
716 2612 928 2666 infusam,
955 2612 1033 2656 sed
1061 2612 1308 2670 quamdam
1334 2611 1683 2656 inclinationem
1708 2611 1964 2658 naturalem
1996 2612 2053 2657 ad
2078 2622 2233 2658 actum
2281 2612 2283 2614 ’

267 2683 403 2742 hujus
434 2681 624 2726 virtutis.

855 2950 1302 3028 QUAESTIO
1353 2949 1646 3010 XXVIII.

630 3108 720 3148 DE
764 3105 1230 3146 VIRGINITATE
1279 3106 1547 3147 BEATAE
1591 3106 1886 3157 MARIAE,

763 3196 826 3235 IN
861 3194 1146 3247 QUATUOR
1179 3196 1507 3236 ARTICULOS
1540 3196 1760 3237 DIVISA.

355 3351 534 3397 Deinde
561 3350 943 3396 considerandum
977 3359 1043 3394 est
1069 3350 1125 3394 de
1153 3350 1409 3408 virginitate
1436 3351 1593 3395 Matris
1619 3351 1721 3395 Dei.

847 3462 901 3506 Et
928 3462 1040 3506 circa
1067 3461 1140 3504 hoc
1167 3468 1428 3519 quaeruntur
1454 3469 1646 3521 quatuor.

356 3553 528 3596 Primo.
563 3552 728 3596 Utrum
755 3550 888 3595 fuerit
914 3552 1041 3608 virgo
1070 3550 1114 3593 in
1144 3550 1460 3607 concipiendo.

357 3620 585 3664 Secundo.
620 3619 786 3663 Utrum
812 3617 946 3662 fuerit
971 3617 1099 3675 virgo
1128 3618 1171 3661 in
1199 3627 1341 3675 partu.
