2352 3926
301 182 399 237 188
842 198 1120 243 QUAESTIO
1161 197 1275 238 xm.
1314 197 1621 238 Ani-tentus
1661 199 1696 238 1.

383 316 421 360 3.
448 301 744 345 PRAETEREA.
772 299 895 344 Cum
926 301 973 345 in
1000 301 1188 346 Christo
1213 301 1305 347 sint
1329 302 1446 348 duae
1471 313 1660 349 naturae
1699 303 1746 347 in
1772 317 1864 348 una
1894 303 2147 364 hypostasi,
2174 303 2252 350 vel

290 382 499 427 persona,
526 368 835 412 necessarium
870 378 938 412 est
962 383 1104 413 unum
1132 379 1177 414 et
1200 369 1325 414 idem
1351 384 1463 425 esse,
1491 371 1613 430 quod
1645 371 1840 430 pertinet
1866 371 1923 415 ad
1950 371 2252 431 hypostasim,

287 435 363 479 vel
387 449 654 494 personam:
681 433 760 478 sed
782 435 986 493 operatio
1002 436 1198 494 pertinet
1219 436 1275 480 ad
1291 436 1593 496 hypostasim,
1615 437 1689 482 vel
1705 451 1973 497 personam:
1994 437 2111 483 nihil
2129 438 2253 483 enim

290 512 515 560 operatur,
541 501 629 544 nisi
659 501 945 559 suppositum
971 502 1249 558 subsistens3
1277 505 1397 549 unde
1423 506 1675 549 secundum
1707 504 1882 549 Philos.
1907 505 1958 562 (l.
1999 521 2036 550 1.
2067 504 2252 564 Mtlaph.

289 570 365 613 cir.
385 570 546 627 princ.)
577 578 702 611 actus
729 578 833 612 sunt
859 569 1182 627 singularium3
1225 585 1334 630 ergo
1367 573 1414 616 in
1447 572 1633 616 Christo
1658 582 1725 615 est
1751 585 1842 615 una
1873 581 1919 615 et
1950 571 2113 616 eadem
2145 584 2255 631 ope-

289 635 404 679 ratio
432 635 691 689 divinitatis,
718 645 762 679 et
787 635 1096 681 humanitatis.

377 714 418 756 4.
447 702 744 746 PRAETEREA.
773 702 917 747 Sicuti
942 717 1040 748 esse
1067 714 1134 748 est
1157 704 1416 764 hypostasis
1448 705 1742 760 subsistentis,
1769 706 1831 750 ita
1869 705 2008 750 etiam
2045 705 2252 765 operari:

289 769 368 814 sed
395 779 579 828 propter
605 769 824 814 unitatem
850 770 1109 829 hypostasis
1146 782 1214 816 est
1237 773 1284 815 in
1312 772 1498 816 Christo
1524 787 1667 817 unum
1694 787 1806 827 esse,
1833 782 1882 817 ut
1914 786 2049 831 supra
2082 771 2255 816 dictum

290 845 357 880 est
383 836 443 894 (q.
475 849 539 895 17.
567 842 649 881 art.
671 837 736 894 2.)
746 851 763 890 ‚·
793 851 902 896 ergo
930 838 1069 882 etiam
1101 848 1284 898 propter
1310 840 1522 883 eamdem
1546 840 1767 884 unitatem
1794 850 1862 884 est
1881 840 1928 884 in
1952 839 2141 885 Christo
2162 853 2254 883 una

291 903 512 963 operatio.

386 985 422 1029 5.
450 971 748 1016 PRAETEREA.
782 971 874 1016 Ubi
900 982 968 1016 est
993 987 1135 1017 unum
1162 984 1415 1033 operatum,
1441 974 1504 1018 ibi
1535 984 1603 1018 est
1633 989 1723 1018 una
1755 973 1983 1034 operatio:
2019 973 2098 1018 sed
2131 972 2255 1017 idem

292 1048 531 1098 operatum
558 1049 654 1083 erat
680 1039 938 1094 divinitatis,
961 1050 1006 1085 et
1026 1040 1345 1096 humanitatis3
1372 1041 1489 1086 sicut
1514 1044 1690 1086 sanatio
1718 1041 1902 1101 leprosi,
1921 1041 1998 1086 vel
2018 1040 2254 1086 suscitatio

291 1106 486 1161 mortui;
513 1120 624 1165 ergo
664 1107 856 1161 videtur,
889 1108 1011 1165 quod
1043 1109 1089 1152 in
1123 1107 1309 1152 Christo
1341 1109 1397 1153 sit
1428 1123 1517 1153 una
1549 1119 1726 1153 tantum
1759 1109 1964 1169 operatio
1997 1107 2256 1162 divinitatis,

293 1184 338 1219 et
367 1173 678 1218 humanitatis.

386 1241 479 1285 SED
509 1254 705 1286 CONTRA
732 1251 812 1295 est,
839 1241 962 1300 quod
989 1242 1262 1289 Ambrosius
1288 1243 1397 1287 dicit
1421 1243 1468 1287 in
1495 1256 1535 1287 2.
1562 1243 1637 1287 lib.
1673 1243 1728 1288 ad
1764 1243 2035 1288 Gratianum
2066 1242 2258 1302 impera·

290 1318 441 1353 torem
478 1309 653 1367 (scilicet
683 1309 729 1353 de
754 1308 840 1367 fide
872 1324 905 1353 c.
938 1323 981 1366 4.
1008 1310 1210 1368 aliquant.
1244 1324 1270 1354 a
1295 1311 1485 1370 princ.):
1517 1326 1540 1351 (ε
1569 1310 1823 1362 Quomodo
1856 1310 2019 1355 eadem
2050 1309 2255 1368 operatio

291 1376 495 1420 diversae
513 1386 580 1420 est
596 1375 864 1435 potestatis?
891 1377 1112 1435 numquid
1130 1377 1194 1420 sic
1217 1387 1367 1435 potest
1388 1377 1552 1431 minor,
1577 1377 1966 1436 quemadmodum
1989 1377 2138 1436 major
2153 1389 2258 1435 ope-

291 1444 394 1498 rari,
429 1453 504 1487 aut
535 1458 626 1487 una
658 1444 864 1502 operatio
897 1454 1047 1503 potest
1078 1459 1192 1498 esse,
1225 1445 1302 1488 ubi
1333 1446 1510 1490 diversa
1542 1446 1792 1490 substantia
1823 1445 1920 1489 est?
1947 1462 1971 1487 >2

381 1511 670 1555 RESPONDEO
695 1510 953 1565 dicendum,
987 1511 1109 1570 quod
1140 1512 1359 1556 haeretici
1384 1526 1519 1571 supra
1545 1513 1653 1557 dicti
1689 1513 1750 1572 (q.
1781 1520 1926 1573 praec.
1964 1516 2048 1557 art.
2073 1512 2147 1571 L),
2180 1510 2256 1571 qui

291 1588 542 1638 posuerunt
566 1578 613 1621 in
641 1578 826 1622 Christo
854 1593 994 1622 unam
1019 1578 1319 1634 voluntatem,
1344 1591 1594 1639 posuerunt
1635 1580 1773 1624 etiam
1803 1580 1851 1624 in
1889 1579 2075 1625 Christo
2116 1592 2256 1623 unam

293 1646 632 1705 operationem;
660 1654 703 1689 et
724 1655 773 1689 ut
795 1659 956 1689 eorum
979 1646 1135 1705 opinio
1159 1661 1350 1691 erronea
1373 1647 1535 1692 melius
1556 1647 1848 1707 intelligatur,
1875 1645 2257 1693 considerandum

294 1723 375 1768 est,
398 1713 520 1772 quod
546 1713 823 1772 ubicumque
855 1723 960 1757 sunt
984 1713 1114 1773 plura
1147 1717 1327 1773 agentia
1362 1716 1584 1770 ordinata,
1614 1714 1801 1760 inferius
1826 1725 2039 1760 movetur
2069 1728 2096 1759 a
2130 1720 2258 1773 supe-

293 1781 427 1826 riori:
455 1781 572 1825 sicut
602 1780 649 1823 in
680 1780 871 1824 homine
904 1795 1068 1839 corpus
1095 1792 1306 1826 movetur
1338 1783 1391 1826 ab
1435 1783 1599 1838 anima,
1626 1793 1671 1827 et
1694 1781 1930 1827 inferiores
1969 1781 2088 1827 vires
2129 1794 2157 1825 a
2190 1794 2258 1824 ra-

292 1849 442 1893 tione:
469 1848 533 1892 sic
559 1848 698 1906 igitur
723 1848 940 1902 actiones,
968 1858 1012 1892 et
1037 1859 1190 1893 motus
1225 1848 1449 1894 inferioris
1490 1850 1699 1909 principii
1739 1859 1844 1894 sunt
1881 1848 2030 1908 magis
2070 1857 2257 1909 operata

295 1915 535 1975 quaedam,
561 1929 699 1974 quam
726 1915 1034 1974 operationes;
1062 1916 1105 1959 id
1133 1927 1287 1961 autem
1314 1917 1435 1975 quod
1472 1917 1664 1976 pertinet
1699 1916 1755 1960 ad
1796 1930 2061 1976 supremum
2096 1914 2259 1975 princi-

294 1984 436 2042 pium,
464 1992 531 2026 est
551 1983 731 2042 proprie
754 1983 982 2040 operatio:
1006 1992 1113 2042 puta
1135 1984 1172 2027 si
1189 1984 1393 2028 dicamus
1419 1984 1464 2028 in
1481 1984 1686 2039 homine,
1714 1986 1834 2043 quod
1863 1983 2111 2037 ambulare,
2133 1982 2256 2042 quod
2347 2018 2349 2021 .

295 2061 363 2094 est
387 2049 570 2109 pedum,
599 2059 644 2094 et
667 2049 865 2109 palpare,
893 2052 1014 2109 quod
1057 2061 1124 2094 est
1159 2066 1395 2106 manuum,
1428 2062 1532 2095 sunt
1563 2052 1788 2111 quaedam
1819 2051 2021 2096 hominis
2057 2059 2258 2110 operata,
2323 2047 2352 2112 ‘'-

295 2132 491 2177 quorum
517 2132 660 2161 unum
687 2128 900 2176 operatur
927 2121 1078 2162 anima
1104 2133 1182 2178 per
1207 2119 1359 2178 pedes,
1379 2119 1499 2163 aliud
1517 2134 1597 2178 per
1614 2133 1798 2165 manus:
1818 2129 1862 2163 et
1878 2118 1985 2178 quia
2007 2128 2076 2163 est
2095 2117 2257 2162 eadem

295 2186 449 2230 anima
476 2199 668 2243 operans
695 2200 775 2244 per
800 2195 1057 2245 utrumque,
1095 2201 1147 2230 ex
1184 2197 1309 2245 parte
1350 2187 1488 2246 ipsius
1531 2187 1774 2245 operantis,
1807 2186 1929 2246 quod
1961 2195 2030 2231 est
2058 2185 2257 2244 primum

293 2253 565 2313 principium
591 2266 797 2306 movens,
825 2263 892 2296 est
917 2268 1006 2296 una
1033 2264 1077 2297 et
1101 2253 1362 2298 indifferens
1389 2255 1615 2313 operatio:
1647 2269 1700 2298 ex
1722 2264 1847 2313 parte
1874 2263 2028 2298 autem
2050 2253 2258 2313 ipsorum

295 2331 588 2380 operatorum
615 2319 867 2364 differentia
892 2320 1147 2375 invenitur3
1175 2322 1292 2365 sicut
1317 2332 1470 2365 autem
1501 2322 1547 2365 in
1588 2322 1776 2365 homine
1817 2334 1930 2380 puro
1966 2333 2132 2380 corpus
2162 2333 2260 2364 mo-

294 2398 425 2433 vetur
443 2388 495 2432 ab
516 2387 682 2442 anima,
703 2397 747 2431 et
763 2387 986 2446 appetitus
1011 2389 1250 2433 sensitivus
1277 2404 1302 2432 a
1329 2389 1564 2433 rationali:
1589 2389 1652 2432 ita
1673 2389 1719 2432 in
1740 2388 1947 2432 Domino
1957 2388 2053 2446 Jesu
2071 2386 2257 2433 Christo

294 2456 499 2499 humana
522 2464 684 2498 natura
709 2455 993 2508 movebatur,
1031 2465 1075 2499 et
1109 2456 1348 2514 regebatur
1379 2471 1404 2500 a
1437 2456 1613 2510 divina3
1651 2466 1695 2500 et
1735 2455 1838 2500 ideo
1879 2455 2103 2510 dicebant,
2134 2453 2257 2514 quod

298 2523 458 2568 eadem
486 2532 552 2567 est
579 2522 799 2580 operatiO,
828 2531 872 2566 et
896 2522 1156 2567 indifferens
1184 2538 1237 2567 ex
1263 2533 1388 2582 parte
1414 2524 1553 2582 ipsius
1591 2523 1836 2567 divinitatis
1868 2522 2121 2581 operantis:
2153 2530 2259 2566 sunt

296 2602 451 2636 tamen
477 2589 654 2633 diversa
681 2599 890 2648 operata3
917 2590 1182 2648 inquantum
1212 2591 1385 2635 scilicet
1417 2591 1625 2636 divinitas
1653 2591 1825 2636 Christi
1846 2590 1968 2635 aliud
1991 2589 2156 2650 agebat
2176 2603 2258 2650 per

297 2660 509 2717 seipsam,
541 2657 658 2700 sicut
693 2656 814 2715 quod
850 2657 1059 2715 portabat
1095 2658 1251 2701 omnia
1283 2658 1422 2702 verbo
1454 2659 1630 2702 virtutis
1661 2672 1794 2712 suae3
1835 2657 1956 2702 aliud
1993 2667 2146 2702 autem
2176 2670 2258 2715 per

297 2726 551 2769 humanam
573 2733 797 2778 naturam,
819 2724 936 2768 sicut
951 2725 1072 2783 quod
1093 2725 1388 2784 corporaliter
1411 2725 1695 2780 ambulabat;
1713 2725 1832 2770 unde
1853 2725 1900 2769 in
1917 2735 2043 2770 sexta
2065 2723 2256 2785 Synodo

300 2793 473 2849 (scilicet
505 2791 642 2835 Const.
663 2806 698 2850 3.
723 2805 858 2849 gener.
887 2792 928 2836 6.
957 2799 1035 2837 act.
1063 2808 1127 2838 10.
1155 2795 1263 2837 inter
1288 2793 1392 2837 med.
1426 2799 1462 2837 et
1493 2794 1602 2849 fin),
1629 2792 1903 2837 inducuntur
1933 2792 2078 2837 verba·
2100 2790 2258 2836 Severi

298 2859 517 2905 haeretici
542 2859 606 2902 sic
633 2858 843 2902 dicentis:
875 2875 898 2900 <t
924 2859 988 2902 Ea
1016 2874 1130 2918 quae
1158 2860 1420 2918 agebantur,
1448 2870 1493 2904 et
1518 2859 1821 2919 operabantur
1846 2859 1900 2903 ab
1928 2872 2021 2904 uno
2054 2858 2257 2913 Christo,

299 2927 495 2972 multum
522 2924 755 2979 differunt;
782 2926 1006 2984 quaedam
1034 2927 1155 2970 enim
1181 2938 1285 2971 sunt
1309 2928 1411 2971 Deo
1439 2926 1661 2980 decibilia,
1689 2926 1914 2985 quaedam
1938 2926 2164 2971 humana:
2186 2938 2260 2970 ve·

297 2995 381 3039 luti
407 2992 702 3053 corporaliter
726 2994 890 3037 vadere
917 3007 1050 3052 super
1075 3003 1258 3049 terram,
1285 2994 1490 3053 profecto
1516 2995 1773 3038 humanum
1801 3003 1882 3049 est,
1914 2994 2117 3039 cruribus
2146 3005 2259 3038 vero

298 3063 484 3114 vexatis,
517 3070 561 3104 et
587 3059 819 3104 ambulare
860 3074 994 3119 super
1033 3071 1199 3105 terram
1237 3062 1414 3120 penitus
1445 3076 1540 3106 non
1570 3061 1822 3106 valentibus
1857 3074 2019 3106 sanum
2052 3073 2259 3121 gressum

298 3131 484 3183 donare,
515 3128 618 3172 Deo
652 3128 839 3172 decibile
874 3139 962 3172 est:
997 3130 1075 3173 sed
1108 3145 1237 3183 unus,
1280 3130 1452 3174 scilicet
1492 3131 1778 3174 incarnatum
1818 3128 2036 3184 Verbum,
2077 3128 2183 3183 hoc,
2215 3136 2262 3173 et

298 3198 408 3242 illud
436 3205 646 3255 operatus
673 3206 762 3240 est:
798 3206 841 3240 et
866 3210 1155 3255 nequaquam
1182 3197 1271 3241 hoc
1299 3197 1482 3256 quidem
1509 3197 1657 3256 hujus,
1683 3197 1773 3241 hoc
1795 3210 1906 3241 vero
1927 3196 2062 3257 hujus
2093 3205 2163 3242 est
2184 3206 2262 3240 na-

297 3270 447 3309 turae:
470 3279 617 3324 neque
635 3278 690 3308 eo
709 3263 830 3322 quod
858 3263 1032 3307 diversa
1059 3273 1161 3307 sunt
1188 3275 1498 3323 operamenta,
1516 3265 1619 3308 ideo
1638 3264 1750 3308 duas
1767 3266 2042 3324 operatrices
2061 3272 2261 3317 naturas,

300 3343 433 3392 atque
466 3332 636 3376 formas
661 3333 776 3390 Juste
804 3330 1043 3375 definimus
1070 3347 1110 3374 ›>.
1141 3331 1230 3374 Sed
1267 3331 1311 3374 in
1350 3332 1439 3375 hoc
1474 3331 1834 3390 decipiebantur:
1872 3331 1979 3390 quia
2011 3329 2262 3389 actio‘ejus

300 3400 421 3459 quod
449 3410 658 3443 movetur
685 3399 737 3442 ab
766 3398 923 3452 altero,
946 3407 1013 3442 est
1033 3398 1183 3458 duplex
1199 3414 1211 3441 .·
1235 3412 1320 3441 una
1344 3398 1543 3457 quidem,
1568 3412 1705 3457 quam
1727 3398 1865 3443 habet
1890 3397 2141 3443 secundum
2161 3409 2263 3457 pro·
2337 3391 2352 3432 ἶ

300 3468 445 3526 priam
471 3466 691 3511 formam:
720 3466 807 3510 alia
833 3474 999 3518 autem,
1026 3479 1163 3523 quam
1201 3465 1337 3508 habet
1369 3466 1619 3509 secundum
1658 3466 1779 3524 quod
1821 3474 2032 3510 movetur
2067 3464 2120 3508 ab
2154 3462 2261 3518 alie,

301 3535 417 3578 sicut
442 3534 611 3579 securis
638 3533 844 3593 operatio
886 3532 1136 3577 secundum
1175 3532 1403 3591 propriam
1448 3532 1646 3576 formam
1689 3541 1756 3577 est
1795 3531 1978 3587 incisi03
2009 3530 2261 3578 secundum

303 3611 454 3646 autem
489 3601 610 3660 quod
637 3611 846 3646 movetur
868 3599 921 3644 ab
945 3598 1130 3653 artifice,
1157 3601 1361 3658 operatio
1386 3599 1480 3656 ejus
1503 3611 1570 3644 est
1594 3599 1743 3645 facere
1770 3612 2035 3645 scamnum:
2057 3597 2260 3660 operatio
