2352 3926
356 218 464 286 676
861 227 1139 273 QUAEsno
1181 226 1363 266 Lxxvr.
1405 226 1715 274 AnrrcuLus
1756 228 1830 268 VI.

446 332 540 377 SED
565 342 774 375 CONTRA.
798 327 1084 388 Impossibile
1103 337 1183 382 est,
1201 327 1324 372 idem
1351 341 1449 373 esse
1475 338 1670 383 motum,
1693 336 1738 373 et
1758 328 1977 388 quietum,
2005 330 2111 390 quia
2131 330 2196 376 sic
2214 343 2323 375 con-

353 398 615 444 tradictoria
640 396 930 441 verificantur
957 396 1012 439 de
1040 395 1234 439 eodem:
1262 395 1341 439 sed
1368 409 1533 454 corpus
1561 395 1734 440 Christi
1755 395 1803 440 in
1829 395 1962 441 coelo
1989 397 2195 458 quietum
2217 397 2323 443 resi-

355 467 457 512 det:
485 480 578 509 non
607 478 718 522 ergo
746 473 814 507 est
839 462 1102 507 mobiliter'
1091 477 1137 506 111
1162 463 1252 506 1100
1279 473 1583 507 3301311101110.

441 533 731 576 RESPONDEO
750 529 1010 583 dicendum,
1037 530 1160 589 quod
1188 544 1295 574 cum
1321 529 1491 589 aliquid
1517 541 1584 575 est
1610 544 1754 574 unum
1780 529 2003 590 subjecto,
2021 540 2068 576 et
2083 500 2322 590 multiplex

354 599 606 643 secundum
626 612 740 651 esse,
763 596 878 657 nihil
895 597 1107 656 prohibet
1128 597 1380 641 secundum
1404 596 1571 656 aliquid
1596 597 1785 652 moveri,
1809 607 1854 642 et
1876 597 2130 642 secundum
2150 597 2322 658 aliquid

352 665 590 710 immobile
615 678 900 724 permanere,
952 664 1068 708 sicut
1096 664 1277 723 corpori
1303 674 1369 708 est
1395 664 1515 708 aliud
1543 678 1642 709 esse
1669 663 1838 718 album,
1865 674 1910 709 et
1941 663 2064 709 aliud
2100 678 2199 711 esse
2230 679 2324 710 ma-

354 747 519 791 gnum:
558 732 677 775 unde
709 740 860 790 potest
894 730 1072 775 moveri
1107 731 1359 775 secundum
1396 731 1667 785 albedinem,
1706 741 1752 775 et
1781 745 2049 790 permanere
2084 731 2323 776 immobile

353 801 605 844 secundum
632 798 1010 857 magnitudinem.
1039 798 1224 843 Christo
1252 809 1406 843 autem
1431 813 1525 843 non
1553 809 1621 843 est
1644 798 1769 842 idem
1795 813 1894 843 esse
1919 798 2172 844 secundum
2188 813 2252 853 se,
2278 809 2324 844 et

355 882 454 912 esse
481 868 561 911 sub
589 867 679 916 hoc
713 875 1028 920 sacramento;
1061 867 1166 925 quia
1197 866 1400 924 per-hoc
1434 866 1557 925 quod
1583 866 1777 910 dicimus
1804 868 1954 926 ipsum
1986 880 2085 912 esse
2116 866 2198 910 sub
2229 866 2321 911 1100

352 945 658 989 sacramento,
677 933 958 993 significatur
980 934 1205 993 quaedam
1228 933 1448 978 habitudo
1473 935 1567 992 eius
1592 934 1646 977 ad
1670 934 1761 977 hoc
1779 943 2132 979 sacramentum.
2154 933 2324 979 Secun-

353 1003 461 1047 dum
488 1002 626 1061 igitur
641 1002 732 1046 hoc
751 1015 850 1046 esse
868 1015 963 1045 non
986 1011 1198 1046 movetur
1215 1001 1424 1045 Christus
1442 1015 1522 1060 per
1539 1016 1586 1045 se
1604 1001 1859 1046 secundum
1875 1000 2047 1056 locum,
2069 1000 2150 1047 sed
2164 1000 2319 1046 solum

354 1084 434 1129 per
462 1069 698 1123 accidens;
732 1069 837 1128 quia
865 1068 1075 1112 Christus
1106 1083 1202 1112 non
1229 1078 1295 1112 est
1319 1068 1366 1112 in
1391 1068 1481 1112 hoc
1514 1078 1802 1112 sacramento
1835 1068 1952 1113 sicut
1975 1068 2023 1112 in
2048 1067 2172 1123 loco,
2205 1067 2323 1113 sicut

349 1136 635 1195 praedictum
662 1145 730 1180 est
757 1135 856 1192 (art.
879 1135 1058 1195 praec).
1089 1134 1229 1188 Quod
1268 1144 1420 1179 autem
1446 1150 1541 1179 non
1560 1146 1626 1179 est
1651 1135 1698 1179 in
1723 1135 1846 1190 loco,
1871 1149 1967 1180 non
1993 1144 2208 1181 movetur
2238 1149 2321 1195 per

348 1219 396 1248 se
423 1204 469 1248 in
495 1203 617 1258 loco,
644 1203 722 1248 sed
750 1202 902 1247 solum
930 1202 985 1246 ad
1013 1212 1200 1246 motum
1228 1203 1338 1260 ejus,
1365 1203 1411 1246 in
1434 1217 1524 1261 quo
1549 1212 1636 1248 est:
1663 1202 1873 1247 similiter
1897 1212 2051 1247 autem
2071 1216 2221 1263 neque
2241 1217 2322 1261 per

350 1285 399 1316 se
426 1281 638 1316 movetur
662 1270 918 1315 secundum
942 1284 1054 1324 esse,
1082 1269 1205 1328 quod
1230 1269 1370 1313 habet
1394 1269 1440 1313 in
1471 1270 1562 1313 hoc
1590 1279 1894 1324 sacramento,
1920 1283 2209 1330 quacumque
2231 1269 2321 1314 alia

351 1339 620 1393 mutatione,
658 1348 767 1397 puta
800 1347 1020 1397 quantum
1061 1337 1116 1380 ad
1141 1337 1233 1380 hoc
1261 1337 1383 1395 quod
1420 1336 1595 1381 desinat
1621 1351 1720 1395 esse
1759 1337 1840 1381 sub
1873 1337 1965 1381 hoc
2001 1346 2321 1392 sacramento;

351 1406 458 1466 quia
483 1405 593 1449 illud
620 1404 743 1464 quod
771 1404 826 1448 de
853 1419 900 1448 se
926 1404 1064 1448 habet
1092 1417 1190 1448 esse
1215 1402 1495 1458 indeficiens,
1521 1417 1617 1448 non
1638 1413 1789 1463 potest
1815 1417 1915 1449 esse
1941 1402 2183 1450 deficiendi
2202 1404 2324 1464 prin-

352 1473 538 1531 cipium,
564 1473 643 1517 sed
666 1471 756 1516 alio
784 1471 1037 1525 deficiente,
1065 1472 1154 1515 hoc
1189 1470 1352 1515 desinit
1378 1485 1475 1515 esse
1501 1471 1548 1514 in
1575 1484 1655 1515 eo:
1679 1471 1795 1516 sicut
1819 1471 1960 1526 Deus,
1983 1471 2112 1530 cujus
2135 1484 2234 1516 0330
2256 1480 2325 1516 est

349 1540 630 1593 indeficiens,
649 1550 693 1584 et
717 1538 994 1592 immortale,
1022 1538 1186 1583 desinit
1213 1552 1311 1582 esse
1338 1538 1384 1582 in
1410 1537 1561 1597 aliqua
1584 1548 1790 1582 creatura
1813 1537 2094 1597 corruptibili
2113 1551 2193 1598 per
2213 1537 2323 1593 hoc,

352 1607 475 1666 quod
503 1617 710 1650 creatura
738 1605 1040 1665 corruptibilis
1068 1605 1230 1649 desinit
1264 1619 1378 1649 esse.
1405 1605 1462 1649 Et
1492 1605 1583 1648 hoc
1611 1605 1754 1649 modo
1783 1618 1889 1649 cum
1916 1604 2126 1650 Christus
2156 1605 2324 1653 habeat

353 1675 408 1717 de
435 1687 482 1717 se
510 1687 607 1718 0330
633 1672 915 1727 indeficiens,
943 1682 988 1717 et
1011 1670 1369 1730 incorruptibile,
1386 1686 1481 1716 non
1500 1671 1664 1716 desinit
1681 1686 1780 1716 esse
1802 1672 1883 1716 sub
1906 1671 1998 1717 hoc
2019 1681 2323 1729 sacramento,

351 1755 500 1799 neque
527 1755 606 1800 per
640 1741 731 1784 hoc
759 1740 882 1799 quod
918 1739 1068 1799 ipsum
1101 1740 1278 1784 desinat
1315 1753 1429 1793 esse,
1465 1753 1614 1798 neque
1643 1739 1781 1784 etiam
1813 1753 1919 1808 per
1918 1749 2100 1784 motum
2122 1739 2323 1786 localem

352 1808 437 1862 sui,
464 1817 513 1851 ut
538 1821 592 1851 ex
609 1807 738 1852 dictis
756 1816 879 1866 patet
905 1807 1008 1865 (art
1028 1815 1158 1867 praec
1162 1807 1211 1865 .),
1239 1806 1319 1851 sed
1345 1806 1497 1851 solum
1523 1821 1602 1865 per
1623 1807 1730 1861 hoc,
1754 1805 1878 1866 quod
1900 1798 2077 1867 species
2097 1800 2236 1867 huius
2258 1820 2324 1852 sa-

355 1875 578 1919 cramenti
603 1863 816 1919 desinunt
842 1888 955 1919 esse.
990 1874 1126 1919 Unde
1153 1884 1290 1933 patet,
1319 1874 1442 1965 quod
1462 1873 1689 1929 Christus,
1715 1888 1796 1934 per
1821 1887 1870 1919 se
1894 1872 2172 1934 loquendo,'
2159 1888 2325 1920 immo·
2349 1928 2352 1930 ,

353 1942 501 1987 biliter
527 1952 596 1986 est
619 1942 666 1985 in
691 1942 781 1986 hoc
809 1952 1114 1986 sacramento.
2347 1939 2352 1946 ”

441 2010 517 2054 AD
544 2022 733 2054 PRIMUM
752 2023 862 2069 ergo
890 2009 1150 2063 dicendum,
1175 2009 1298 2068 quod
1313 2010 1429 2054 ratio
1447 2008 1526 2053 1113
1542 2008 1750 2068 procedit
1770 2009 1825 2054 de
1843 2018 1974 2054 1110111
1989 2021 2072 2068 per
2093 2007 2352 2064 accidens,-3=

355 2091 446 2136 quo
476 2076 531 2120 ad
559 2086 738 2121 motum
764 2077 909 2121 nostri
935 2086 1180 2120 moventur
1206 2091 1259 2120 ea
1286 2091 1402 2135 quae
1428 2077 1475 2120 in
1492 2076 1624 2120 nobis
1644 2086 1772 2123 311111·
1800 2075 1931 2122 aliter
1954 2086 2112 2122 tamen
2129 2089 2184 2121 ea
2206 2090 2322 2136 quae
2348 2075 2352 2078 ’

352 2158 433 2203 per
460 2158 507 2188 se
534 2154 725 2202 possunt
751 2157 850 2188 esse
877 2144 924 2187 in
951 2143 1073 2197 loco,
1100 2143 1217 2187 sicut
1244 2157 1463 2202 corpora3
1491 2154 1535 2188 et
1561 2143 1690 2188 aliter
1717 2158 1771 2188 ea
1797 2157 1914 2203 quae
1940 2157 2021 2204 per
2037 2157 2085 2188 se
2100 2157 2197 2188 non
2222 2157 2326 2202 pos-

356 2221 461 2255 311111
493 2225 591 2255 0330
616 2210 663 2254 111
690 2210 812 2264 1000,
840 2211 957 2255 310111
980 2210 1172 2264 formae,
1196 2220 1240 2254 et
1266 2210 1520 2270 spirituales
1546 2211 1836 2255 substantiae.
1863 2211 1937 2255 Ad
1964 2225 2102 2271 quem
2128 2210 2323 2256 modum

349 2267 506 2338 'potest
527 2277 697 2332 reduci,
723 2278 847 2337 quod
875 2278 1069 2323 dicimus
1103 2279 1339 2323 Christum
1373 2280 1551 2323 moveri
1575 2294 1656 2339 per
1682 2279 1907 2335 accidens,
1934 2279 2189 2325 secundum
2222 2292 2323 2326 esse

355 2346 478 2405 quod
506 2345 677 2390 habet
666 2361 714 2389 111
740 2346 830 2389 hoc
858 2356 1165 2400 sacramento,
1191 2346 1238 2390 in
1266 2360 1356 2405 quo
1382 2361 1477 2390 non
1505 2356 1572 2391 est
1597 2347 1714 2391 sicut
1738 2347 1785 2390 in
1812 2346 1935 2392 1000.

447 2413 522 2456 AD
543 2426 805 2457 SECUNDUM
832 2413 1090 2467 dicendum,
1118 2414 1240 2473 quod
1266 2413 1354 2457 hac
1381 2414 1558 2458 ratione
1585 2415 1697 2458 moti
1723 2414 1933 2459 videntur
1963 2413 2101 2459 fuisse
2133 2414 2320 2476 quidam

356 2489 593 2539 ponentes,
621 2480 743 2538 quod
772 2494 936 2538 corpus
966 2480 1139 2524 Christi
1163 2495 1258 2524 non
1283 2491 1519 2524 remaneat
1544 2481 1624 2524 sub
1651 2481 1741 2525 hoc
1769 2492 2073 2537 sacramento,
2095 2482 2134 2527 si
2155 2482 2202 2527 in
2226 2496 2323 2527 cra-

356 2547 527 2592 stinum
554 2556 819 2591 reservetur.
845 2547 1021 2591 Contra
1044 2562 1158 2606 quos
1183 2547 1382 2607 Cyrillus
1409 2548 1517 2591 dicit
1533 2548 1651 2606 (hab.
1676 2550 1722 2592 in
1751 2549 1843 2595 Cat.
1858 2550 1917 2594 D.
1943 2549 2090 2594 Thom.
2105 2557 2197 2610 sup.
2213 2549 2322 2595 illud

357 2615 461 2660 Luc.
488 2629 558 2660 22.
574 2630 587 2659 :
614 2615 708 2659 Hoc
739 2621 794 2659 est
820 2622 970 2674 corpus
997 2617 1180 2673 meum):
1225 2631 1248 2656 ε(
1267 2615 1502 2660 Insaniunt
1527 2616 1713 2675 quidam
1747 2617 1948 2662 dicentes
1967 2617 2218 2677 ‘mysticam
2240 2618 2318 2663 be-

354 2682 667 2726 nedictionem
700 2695 878 2726 cessare
912 2696 937 2725 a
963 2682 1339 2736 sanctificatione,
1366 2683 1404 2726 si
1435 2697 1551 2741 quae
1579 2684 1674 2740 ejus
1698 2683 1915 2744 reliquiae
1938 2685 2239 2731 remanserint
2272 2686 2318 2730 in

356 2749 480 2794 diem
507 2749 885 2808 subsequentem:
913 2763 1006 2792 non
1031 2749 1154 2793 enim
1182 2759 1380 2793 mutatur
1406 2761 1636 2794 sacratum
1663 2765 1826 2810 corpus
1859 2751 2046 2806 Christi,
2072 2751 2152 2797 sed
2177 2752 2320 2798 virtus
2351 2779 2352 2782 =

331 2817 333 2819 ’
357 2816 702 2872 benedictionis,
730 2825 773 2860 et
797 2816 1071 2860 vivificativa
1098 2816 1241 2874 gratia
1267 2817 1385 2874 jugis
1407 2817 1454 2860 in
1472 2832 1528 2861 eo
1556 2828 1623 2862 est
1641 2835 1664 2861 1)
1681 2831 1690 2860 :
1709 2820 1825 2863 sicut
1850 2819 1988 2864 etiam
2015 2833 2180 2865 omnes
2201 2818 2320 2865 aliae

359 2884 728 2929 consecrationes
745 2883 1041 2928 immobiliter
1055 2893 1256 2937 manent,
1274 2885 1642 2942 permanentibus
1657 2886 1788 2932 rebus
1807 2886 2107 2943 consecratis;
2130 2898 2317 2948 propter

359 2952 483 3011 quod
509 2965 604 2995 non
629 2951 870 2996 iterantur:
898 2951 1063 2996 veritas
1091 2961 1243 2996 autem
1261 2951 1367 2996 licet
1383 2951 1555 3011 figurae
1575 2954 1860 3013 respondeat,
1881 2964 2036 3000 tamen
2062 2953 2208 3015 figura
2222 2968 2319 3001 non
2341 2947 2352 2963 ³

360 3029 510 3078 potest
536 3033 639 3063 eam
666 3018 937 3078 adaequare.
2341 3029 2352 3081 Γ,

451 3086 527 3130 AD
554 3098 771 3132 TERTIUM
797 3084 1056 3140 dicendum,
1083 3086 1205 3145 quod
1224 3101 1387 3145 corpus
1409 3087 1579 3132 Christi
1605 3098 1812 3134 remanet
1830 3089 1878 3134 in
1898 3088 1990 3135 hoc
2013 3099 2319 3145 sacramento,
2341 3082 2346 3141 ζ

361 3169 455 3198 11011
482 3153 633 3199 30111111
659 3154 706 3197 111
729 3154 942 3208 crastino,
959 3153 1038 3197 sed
1066 3155 1203 3197 etiam
1230 3154 1275 3197 in
1302 3153 1467 3209 futuro,
1495 3169 1732 3215 quousque
1766 3156 1940 3216 species
1966 3157 2343 3204 sacramentales*

360 3231 559 3275 manent,
586 3221 745 3280 quibus
773 3221 1066 3274 cessantibus,
1094 3221 1257 3264 desinit
1283 3236 1381 3265 esse
1410 3237 1574 3281 corpus
1603 3223 1776 3268 Christi
1802 3223 1883 3268 sub
1910 3224 1990 3279 eis,
2014 3238 2111 3269 non
2135 3223 2243 3284 quia
2265 3223 2352 3274 abs}

360 3289 423 3333 cis
450 3288 716 3347 dependeat,
753 3287 831 3332 sed
859 3288 964 3347 quia
996 3286 1168 3332 tollitur
1201 3287 1418 3332 habitudo
1453 3291 1657 3348 corporis
1692 3290 1863 3336 Christi
1896 3291 1953 3336 ad
1983 3289 2085 3336 illas
2117 3291 2329 3351 speciest,

360 3371 439 3415 per
466 3370 603 3415 quem
631 3355 822 3400 modum
849 3356 974 3400 Deus
1006 3354 1169 3399 desinit
1196 3369 1291 3399 esse
1320 3356 1531 3401 dominus
1559 3368 1793 3403 creaturae
1820 3357 2084 3404 desinentis.
