2352 3926
277 209 375 249 122
841 206 1118 253 QUAESTIO
1159 206 1233 244 xt.
1274 205 1585 247 ARTICULUS
1626 206 1659 244 1.

266 311 517 357 secundum
534 311 652 355 hanc
669 309 908 354 scientiam
924 320 1019 353 non
1034 308 1256 368 cognovit
1273 307 1483 354 Christus
1499 322 1568 364 ea,
1589 321 1707 368 quae
1723 307 1980 354 naturalem
1999 309 2228 357 rationem

267 379 504 423 excedunt.

352 459 391 489 2.
425 446 720 490 PRAETEREA.
753 443 1080 487 Phantasmata
1111 457 1159 488 se
1199 443 1369 487 habent
1401 442 1458 486 ad
1490 441 1775 487 intellectum
1809 443 2080 500 humanum,
2111 443 2231 489 sicut

265 512 442 557 colores
467 512 521 555 ad
543 514 705 564 visum,
737 520 786 554 ut
812 511 974 554 dicitur
994 510 1042 554 in
1074 525 1110 569 3.
1134 511 1188 554 de
1213 511 1301 554 An.
1328 510 1509 569 (implic.
1534 516 1612 554 tex.
1634 511 1698 556 18.
1729 523 1794 570 31.
1820 517 1858 555 et
1877 511 1996 571 399:
2020 510 2229 557 sedsnon

262 580 456 639 pertinet
482 580 536 622 ad
563 578 889 637 perfectionem
910 578 1082 621 visivae
1105 578 1335 636 potentiae
1365 590 1647 636 cognoscere
1673 591 1741 631 ea,
1763 591 1881 636 quae
1901 588 2012 623 sunt
2034 577 2228 624 omnino

262 646 430 704 absque
448 644 626 689 colore:
652 658 764 703 ergo
780 659 929 703 neque
948 644 1004 697 ad
1020 643 1351 703 perfectionem
1368 642 1627 688 intellectus
1638 644 1747 688 hum
1755 644 1830 688 ani
1846 645 2045 704 pertinet
2061 657 2229 704 cogno-

261 727 386 757 scere
413 727 481 766 ea,
507 726 703 771 quorum
724 725 820 756 non
845 721 1034 771 possunt
1055 725 1153 756 esse
1175 712 1516 770 phantasmata;
1543 711 1660 756 sicut
1680 722 1784 756 sunt
1808 712 2230 772 substantiaesepa-

260 790 406 834 ratae3
434 780 498 823 sic
536 793 647 838 ergo
681 793 786 823 cum
823 779 1089 837 hujusmodi
1119 779 1309 822 scientia
1339 777 1475 822 fuerit
1498 778 1545 822 in
1587 778 1774 824 Christo
1805 779 1864 824 ad
1896 778 2228 839 perfectionem

260 846 440 890 animae
466 845 768 890 intellectivae
790 846 944 905 ipsius,
965 846 1142 890 videtur
1159 845 1281 904 quod
1303 859 1384 904 per
1405 845 1671 905 hujusmodi
1685 847 1926 892 scientiam
1941 860 2038 892 non
2058 859 2229 907 cogno-

260 913 373 957 verit
398 913 669 958 substantias
694 923 938 972 separatas.

354 995 391 1040 3.
417 981 714 1026 PRAETEREA.
741 981 814 1024 Ad
846 979 1174 1040 perfectionem
1199 979 1456 1025 intellectus
1481 995 1576 1025 non
1602 983 1798 1058 pertinet
1827 992 2110 1041 cognoscere
2141 980 2229 1027 sin-

260 1047 456 1106 gularia3
478 1049 656 1092 videtur
676 1062 802 1107 ergo,
825 1048 947 1108 quod
970 1063 1050 1107 per
1064 1048 1331 1108 hujusmodi
1348 1049 1588 1093 scientiam
1610 1049 1764 1093 anima
1786 1048 1959 1094 Christi
1976 1047 2227 1109 singularia

258 1128 352 1159 non
380 1129 435 1160 co
472 1116 662 1160 noverit.

349 1130 665 1228 SEDgcoNTRA
693 1193 774 1238 est,
793 1183 914 1242 quod
942 1183 1102 1227 dicitur
1128 1183 1214 1235 Isa.
1238 1197 1303 1227 11.
1324 1183 1451 1242 quod
1474 1184 1649 1243 replevit
1662 1199 1755 1229 eum
1778 1184 1963 1244 Spiritus
1980 1184 2223 1245 sapientiae,

257 1256 294 1294 et
313 1251 555 1306 intellectu5‚
576 1253 781 1305 scientiae,
805 1258 843 1295 et
875 1251 1058 1295 consilii:
1085 1251 1166 1295 sub
1201 1251 1361 1310 quibus
1389 1252 1840 1310 comprehenduntur
1867 1251 2026 1296 omnia
2055 1263 2227 1310 cogno-

257 1317 454 1372 scibilia3
480 1332 588 1361 nam
617 1318 671 1362 ad
696 1321 945 1378 sapientiam
977 1318 1169 1377 pertinet
1195 1319 1398 1376 cognitio
1433 1319 1643 1363 omnium
1669 1319 1952 1363 divinorum:
1985 1318 2041 1363 ad
2073 1318 2226 1364 intolle-

257 1390 368 1429 ctum
408 1395 562 1428 autem
594 1386 788 1444 pertinet
820 1386 1022 1445 cognitio
1056 1386 1265 1430 omnium
1297 1385 1695 1430 immaterialium:
1731 1386 1786 1430 ad
1816 1387 2030 1431 scienu'am
2070 1395 2222 1430 autem

253 1453 446 1508 pertinet
463 1452 665 1511 cognitio
684 1454 892 1497 omnium
911 1452 1284 1497 conclusionum:
1306 1453 1362 1498 ad
1380 1454 1598 1498 consilium
1618 1463 1771 1498 autem
1789 1453 1992 1513 cognitio
2011 1453 2220 1499 omnium

256 1518 515 1576 agibilium3
544 1533 653 1578 ergo
680 1520 870 1575 videtur,
897 1521 1019 1579 quod
1048 1520 1257 1565 Christus
1284 1521 1536 1565 secundum
1559 1521 1798 1566 scientiam
1823 1520 2015 1566 inditam
2039 1519 2126 1565 sibi
2144 1533 2225 1580 per

255 1584 474 1644 Spiritum
502 1586 723 1630 Sanctum
748 1587 955 1631 habuerit
982 1588 1192 1631 omnium
1219 1588 1548 1647 cognitionem.

342 1652 630 1698 RESPONDEo
659 1654 916 1708 dicendum,
943 1655 1080 1714 quod,
1107 1657 1223 1699 sicut
1246 1656 1369 1714 prius
1401 1655 1575 1700 dictum
1602 1665 1670 1700 est
1698 1655 1755 1715 (q.
1789 1671 1830 1717 9.
1854 1661 1936 1702 art.
1959 1654 2038 1714 1.),
2060 1668 2224 1700 conve-

254 1718 383 1763 niens
408 1718 506 1774 fuit,
529 1730 577 1764 ut
603 1721 754 1764 anima
783 1721 956 1766 Christi
982 1723 1173 1766 omnino
1201 1732 1318 1767 esset
1342 1722 1541 1782 perfecta
1566 1737 1646 1782 per
1671 1723 1777 1778 hoc,
1804 1723 1928 1783 quod
1953 1722 2104 1768 omnis
2125 1722 2222 1781 ejus

253 1788 557 1846 potentialitas
583 1789 640 1832 sit
670 1789 856 1833 reducta
883 1790 940 1833 ad
958 1800 1138 1835 actum:
1165 1800 1234 1835 est
1255 1801 1410 1835 autem
1436 1791 1835 1846 considerandum,
1861 1790 1984 1850 quod
2000 1791 2047 1834 in
2068 1791 2222 1834 anima

252 1854 469 1908 humana,
497 1855 612 1899 sicut
637 1856 682 1899 in
705 1855 905 1915 qualibet
930 1866 1149 1911 creatura,
1174 1858 1485 1902 consideratur
1510 1859 1660 1918 duplex
1685 1858 1890 1917 potentia
1914 1857 2117 1917 passiva:
2134 1871 2222 1902 una

253 1922 437 1979 quidem
463 1936 541 1979 per
568 1924 961 1981 comparationem
989 1924 1044 1967 ad
1073 1939 1211 1982 agens
1228 1925 1457 1969 naturale:
1478 1926 1565 1969 alia
1590 1939 1699 1969 vero
1723 1940 1804 1984 per
1827 1924 2220 1985 comparationem

254 1989 309 2032 ad
337 2003 474 2048 agens
501 1989 715 2048 primum,
742 1991 864 2049 quod
892 2002 1042 2051 potest
1074 1992 1324 2051 quamlibet
1350 2003 1605 2038 creaturam
1638 1993 1855 2038 reducere
1885 1994 1932 2037 in
1963 2002 2119 2038 actum
2146 1990 2222 2037 ali-

252 2070 388 2114 quem
416 2055 624 2100 altiorem
651 2068 768 2112 actu,
790 2058 837 2101 in
864 2073 999 2117 quem
1019 2059 1246 2103 reducitur
1271 2074 1351 2118 per
1377 2075 1516 2119 agens
1542 2061 1762 2115 naturale,
1782 2070 1826 2105 et
1849 2060 1966 2104 haec
1984 2059 2222 2104 consuevit

250 2123 407 2166 vocari
424 2123 627 2181 potentia
645 2124 931 2169 obedientiae
948 2127 993 2169 in
1012 2136 1237 2170 creatura:
1257 2137 1445 2186 utraque
1463 2139 1618 2172 autem
1635 2128 1838 2186 potentia
1856 2127 2038 2172 animae
2049 2126 2220 2171 Christi

249 2187 333 2232 fuit
357 2189 543 2233 reducta
569 2190 615 2233 in
649 2201 802 2234 actum
839 2193 1091 2236 secundum
1123 2193 1241 2237 hanc
1275 2194 1513 2238 scientiam
1545 2195 1759 2238 divinitus
1790 2193 2006 2248 inditam;
2035 2202 2085 2238 et
2109 2192 2218 2237 ideo

248 2256 501 2300 secundum
529 2271 631 2300 eam
655 2258 807 2302 anima
826 2258 997 2303 Christi
1013 2261 1160 2318 primo
1181 2260 1364 2319 quidem
1383 2261 1602 2320 cognovit
1618 2274 1934 2321 quaecumque
1955 2260 2010 2304 ab
2027 2259 2219 2305 homine

250 2324 467 2382 cognosci
494 2322 786 2383 possunt'per
818 2326 1031 2370 virtutem
1063 2326 1248 2371 luminis
1280 2327 1536 2372 intellectus
1569 2329 1757 2386 agentis,
1790 2329 1906 2372 sicut
1935 2337 2054 2382 sunt,
2085 2341 2220 2387 quae·

249 2405 445 2449 cumque
477 2392 702 2450 pertinent
738 2392 792 2435 ad
825 2394 1036 2437 scientias
1067 2394 1317 2439 humanas:
1343 2395 1547 2438 secundo
1573 2409 1682 2439 vero
1715 2409 1796 2455 per
1826 2395 1945 2439 hanc
1977 2395 2216 2439 scientiam

249 2457 467 2516 cognovit
490 2457 698 2502 Christus
719 2459 874 2503 omnia
896 2459 989 2515 illa,
1007 2475 1122 2519 quae
1139 2476 1220 2520 per
1241 2461 1570 2506 revelationem
1592 2463 1792 2506 divinam
1809 2462 2074 2507 hominibus
2090 2462 2218 2507 inno-

246 2534 438 2578 tescunt,
453 2525 547 2569 sive
564 2526 819 2583 pertineant
838 2527 892 2570 ad
911 2527 1084 2571 donum
1102 2529 1363 2587 sapientiae,
1376 2529 1470 2573 sive
1485 2529 1539 2573 ad
1559 2530 1731 2574 donum
1748 2529 2031 2589 prophetiae,
2045 2530 2141 2574 sive
2158 2529 2215 2574 ad

248 2592 569 2651 quodcumque
592 2593 765 2636 donum
793 2593 985 2653 Spiritus
1009 2595 1188 2640 Sancti:
1217 2596 1373 2640 omnia
1391 2598 1512 2640 enim
1535 2597 1619 2641 ista
1637 2597 1953 2651 abundantius,
1976 2606 2021 2641 et
2037 2595 2213 2655 plenius

247 2659 436 2703 caeteris
464 2660 683 2718 cognovit
700 2660 852 2704 anima
870 2661 1064 2707 Christi:
1092 2662 1237 2721 ipsam
1263 2672 1418 2707 tamen
1443 2664 1532 2707 Dei
1559 2665 1802 2708 essentiam
1828 2679 1908 2725 per
1928 2664 2048 2708 hanc
2073 2663 2215 2709 scien-

245 2727 357 2771 tiam
374 2741 468 2771 non
497 2727 728 2786 cognovit,
747 2729 824 2772 sed
844 2728 995 2773 solum
1012 2744 1093 2789 per
1110 2731 1319 2788 primam,
1338 2731 1392 2775 de
1412 2746 1500 2790 qua
1526 2746 1658 2790 supra
1677 2732 1848 2777 dictum
1867 2742 1936 2776 est
1950 2732 2012 2792 (q.
2031 2732 2211 2791 praec).

335 2794 410 2838 An
437 2807 625 2839 PRIMUM
653 2809 762 2853 ergo
785 2795 1042 2850 dicendum,
1077 2796 1198 2856 quod
1225 2798 1339 2841 ratio
1365 2797 1440 2842 illa
1469 2799 1675 2857 procedit
1701 2799 1755 2843 de
1782 2799 1986 2859 potentia
2016 2797 2213 2844 naturali

246 2861 424 2905 animae
451 2860 768 2915 intellectivae,
796 2877 910 2922 quae
937 2864 1111 2908 scilicet
1133 2874 1200 2908 est
1221 2878 1300 2923 per
1323 2867 1717 2925 comparationem
1741 2866 1796 2910 ad
1825 2881 1964 2926 agens
1990 2864 2211 2921 naturale,

245 2929 367 2987 quod
396 2939 461 2972 est
488 2927 744 2973 intellectus
773 2944 925 2988 agens.

333 2995 408 3039 AD
436 3008 696 3040 SECUNDUM
724 2996 982 3050 dicendum,
1009 2997 1131 3056 quod
1161 2998 1313 3042 anima
1338 2999 1541 3043 humana
1569 3001 1613 3043 in
1640 3010 1756 3045 statu
1782 3001 1918 3059 hujus
1941 3001 2078 3056 vitae,
2103 3000 2210 3061 quia

242 3063 588 3122 quodammodo
628 3073 695 3107 est
731 3064 785 3107 ad
820 3078 983 3123 corpus
1022 3064 1236 3123 obligata,
1274 3076 1320 3110 ut
1353 3068 1448 3111 sine
1481 3068 1798 3126 phantasmate
1831 3067 2084 3128 intelligere
2114 3081 2209 3114 non

241 3131 397 3190 possit,
418 3144 512 3174 non
530 3139 679 3190 potest
696 3131 950 3190 intelligere
968 3133 1237 3177 substantias
1262 3145 1511 3193 separatas:
1532 3136 1609 3179 sed
1628 3147 1730 3194 post
1752 3147 1922 3181 statum
1938 3136 2072 3196 hujus
2088 3136 2209 3181 vitae

243 3198 394 3241 anima
429 3209 633 3257 sepefata
670 3199 835 3258 poterit
872 3199 1125 3258 aliqualiter
1147 3201 1416 3246 substantias
1443 3213 1671 3261 separatas
1703 3219 1782 3263 per
1809 3205 2006 3265 seipsam
2039 3217 2210 3264 cogno-

240 3279 380 3320 scere,
404 3276 453 3310 ut
478 3268 522 3310 in
546 3280 582 3310 1.
600 3266 772 3311 dictum
799 3277 867 3310 est
892 3267 951 3325 (q.
971 3269 1042 3326 89.
1065 3274 1144 3312 art.
1165 3284 1197 3313 1.
1217 3275 1253 3313 et
1271 3269 1362 3326 2.),·
1389 3279 1432 3313 et
1448 3269 1538 3313 hoc
1558 3271 1798 3330 praecipue
1825 3270 2118 3316 manifestum
2139 3280 2208 3316 est

241 3334 361 3377 circa
405 3334 579 3378 animas
612 3334 875 3379 beatorum:
910 3334 1118 3379 Christus
1160 3345 1312 3380 autem
1356 3346 1457 3380 ante
1498 3338 1759 3396 passionem
1800 3352 1895 3383 non
1934 3338 2087 3384 solum
2122 3337 2208 3383 fuit

240 3401 400 3454 viator,
428 3401 505 3445 sed
544 3401 680 3445 etiarn
705 3401 1083 3460 comprehensor3
1118 3403 1236 3447 unde
1267 3403 1418 3446 anima
1452 3404 1546 3462 ejus
1579 3415 1755 3463 poterat
1787 3417 2070 3466 cognoscere
2101 3404 2207 3451 sub-

240 3468 426 3512 stantias
466 3477 708 3528 separatas,
741 3483 821 3528 per
861 3469 1049 3513 modum
1083 3483 1174 3528 quo
1219 3470 1457 3529 cognoscit
1484 3472 1634 3515 anima
1661 3483 1880 3532 separata.

331 3535 406 3579 An
435 3548 650 3581 TERTmM
676 3535 934 3590 dicendum,
962 3536 1083 3595 quod
1107 3537 1309 3595 cognitio
1335 3536 1632 3596 singularium
1655 3553 1747 3583 non
1771 3541 1965 3598 pertinet
1984 3539 2042 3585 ad
2062 3538 2206 3599 perfe-

240 3601 443 3646 ctionem
475 3603 654 3647 animae
687 3602 988 3648 intellectivae
1014 3604 1263 3648 secundum
1297 3604 1608 3663 cognitionem
1635 3606 1985 3665 speculativam}
2007 3599 2209 3666 pertin&
