2352 3926
639 246 917 294 QUAESTIO
959 246 1108 287 Lvm.
1148 245 1456 287 AR-rrcutus
1495 246 1532 285 1.
1951 230 2055 300 485

796 462 1230 522 ARTICULUS
1274 463 1316 518 Ι.
1977 473 2060 532 316
2096 499 2101 505 -

137 598 330 639 UTRUM
365 598 603 638 cums‘ro
640 599 961 639 coNVEmAT
995 600 1202 638 SEDERE
1235 600 1310 637 AD
1347 599 1649 638 DEXTERAM
1680 599 1774 636 Dm
1814 596 2022 635 PATRts.

219 709 272 769 (3.
296 710 408 754 Dist.
430 724 496 769 32.
518 724 556 769 q.
578 724 615 769 3.
648 715 728 754 art.
757 724 794 769 3.
823 724 862 767 q.
884 723 924 754 2.
947 715 987 754 et
1011 716 1146 768 opusc.
1170 723 1208 754 2.
1237 717 1327 769 cap.
1355 723 1453 766 240.
1481 715 1517 753 et
1542 716 1675 767 opusc.
1704 708 1745 754 6.
1778 716 1870 769 cap.
1898 722 1940 767 9.

794 782 832 820 et
861 775 916 820 ad
941 775 1073 820 Hebr.
1107 777 1147 822 8.
1175 775 1262 821 lect.
1290 775 1364 833 r.).

16 931 30 946 „
188 888 265 934 AD
286 901 474 934 PRIMUM
508 888 572 933 sic
604 887 876 947 proceditur.
902 886 1107 942 Videtur,
1133 887 1256 947 quod
1287 886 1473 932 Christo
1508 900 1603 930 non
1637 887 1880 930 conveniat
1906 884 2062 930 sedere

99 956 156 1003 ad
181 955 413 1001 dexteram
440 955 512 1000 dei
528 954 699 1000 Patris:
727 954 908 999 dextera
930 955 1056 1000 enim
1082 965 1126 998 et
1142 955 1321 1000 sinistra
1347 964 1452 999 sunt
1473 953 1753 998 differentiae
1779 953 2061 1012 positionum

100 1022 434 1083 corporalium:
458 1022 536 1067 sed
562 1021 676 1066 nihil
705 1021 942 1081 corporale
971 1022 1185 1066 convenit
1209 1022 1337 1076 Deo;
1365 1022 1470 1080 quia
1490 1023 1606 1066 Deus
1631 1024 1800 1080 spiritus
1817 1028 1887 1075 est,
1915 1031 1964 1065 ut
1988 1021 2065 1064 ha-

25 1095 41 1147 'J
95 1090 226 1136 betur
250 1089 383 1148 Joan.
407 1101 476 1144 4.;
503 1103 614 1148 ergo
639 1088 830 1143 videtur,
853 1089 975 1148 quod
1004 1089 1212 1134 Christus
1238 1103 1331 1133 non
1358 1089 1516 1133 sedeat
1542 1089 1597 1132 ad
1620 1089 1852 1132 dexteram
1869 1087 2031 1132 Patris.

125 1167 128 1170 ⁴
185 1169 225 1202 2.
258 1157 555 1202 PRAETEREA.
591 1155 640 1200 Si
673 1155 833 1215 aliquis
865 1156 991 1201 sedet
1021 1155 1076 1200 ad
1104 1157 1334 1201 dexteram
1367 1156 1573 1216 alicujus,
1605 1155 1682 1200 ille
1715 1156 1840 1200 sedet
1873 1155 1927 1200 ad
1955 1155 2061 1199 sini-

23 1232 46 1283 -ξ
95 1234 237 1271 stram
263 1225 388 1283 ejus:
414 1224 454 1268 si
478 1237 589 1282 ergo
618 1223 826 1268 Christus
853 1225 980 1268 sedet
1013 1224 1067 1268 ad
1094 1224 1327 1269 dexteram
1352 1224 1514 1279 Patris,
1545 1224 1747 1283 sequitur
1779 1224 1901 1282 quod
1928 1222 2062 1267 Pater

33 1307 38 1315 ⁶
95 1292 252 1339 sedeat
277 1290 333 1335 ad
358 1290 587 1336 sinistram
609 1290 733 1345 Filii;
759 1291 882 1350 quod
910 1301 978 1336 est
1002 1291 1344 1337 inconveniens.

187 1373 225 1420 3.
255 1357 553 1404 PRAETEREA.
588 1358 771 1413 Sedere,
799 1369 843 1403 et
874 1368 991 1403 stare
1023 1359 1232 1403 videntur
1259 1358 1598 1419 oppositionem
1622 1358 1816 1404 habere:
1848 1356 1928 1402 sed
1962 1356 2056 1401 Ste-

94 1426 275 1486 phanus
312 1425 422 1470 dicit
462 1425 565 1470 Act.
601 1437 666 1483 7.:
700 1426 806 1470 Ecce
836 1426 956 1470 video
983 1427 1110 1471 coelos
1148 1433 1324 1485 apertos,
1357 1433 1395 1470 ct
1419 1426 1579 1470 Filium
1621 1426 1799 1470 hominis
1828 1430 2001 1469 stantem
2034 1437 2060 1467 a

20 1499 36 1546 J
93 1493 251 1539 dextris
292 1494 464 1538 virtutis
501 1493 586 1538 Dei
592 1507 612 1551 ,·
645 1507 756 1552 ergo
791 1493 969 1538 videtur
1001 1494 1122 1552 quod
1152 1494 1359 1538 Christus
1393 1507 1488 1538 non
1525 1493 1680 1538 sedeat
1725 1492 1781 1537 ad
1822 1491 2054 1536 dexteram

1 1583 4 1586 *
37 1587 40 1591 ·
98 1560 259 1606 Patris.

32 1668 43 1681 A.
188 1627 284 1672 SED
317 1639 512 1672 CONTRA
544 1637 612 1672 est
638 1627 760 1687 quod
784 1627 947 1672 dicitur
972 1628 1113 1672 Marc.
1136 1627 1236 1672 ult.:
1271 1628 1481 1672 Dominus
1507 1627 1670 1687 quidem
1689 1627 1817 1684 Jesus,
1835 1631 2057 1686 postquam

28 1718 39 1727 -
96 1695 256 1741 locutus
280 1699 338 1740 est
356 1696 427 1750 eis,
451 1694 630 1739 ascendit
654 1696 699 1738 in
721 1695 892 1749 coelum,
921 1703 960 1741 et
978 1695 1084 1741 sedet
1115 1711 1140 1740 α
1166 1695 1320 1740 dextris
1347 1696 1444 1739 Dei.

186 1761 476 1807 RESPONDEO
503 1761 762 1816 dicendum,
790 1762 912 1821 quod
939 1763 985 1807 in
1015 1764 1205 1807 nomine
1238 1762 1453 1807 sessionis
1480 1775 1723 1821 possumus
1749 1761 1827 1805 duo
1856 1760 2060 1805 conside-

93 1843 218 1875 rare:
241 1827 454 1873 videlicet
494 1830 684 1887 quietem,
727 1830 980 1874 secundum
1012 1829 1124 1874 illud
1165 1831 1276 1874 Luc.
1304 1829 1407 1874 ult.:
1451 1829 1586 1874 Sedete
1619 1830 1684 1873 hic
1709 1830 1754 1872 in
1781 1830 1978 1873 civitate:
2012 1839 2056 1873 et

25 1919 47 1952 *5
94 1896 235 1943 etiam
258 1898 433 1956 regiam,
465 1895 540 1940 vel
564 1896 843 1957 judiciariam
868 1903 1123 1957 potestatem,
1151 1898 1403 1942 secundum
1429 1896 1541 1940 illud
1573 1896 1788 1940 Proverb.
1823 1909 1916 1941 20.:
1954 1898 2056 1950 Rex,

93 1965 167 2025 qui
194 1962 301 2009 sedet
329 1965 376 2008 in
406 1964 505 2008 solio
533 1964 699 2026 judicii,
732 1963 901 2024 dissipat
937 1979 1056 2009 omne
1086 1965 1245 2009 malum
1270 1966 1424 2009 intuitu
1453 1979 1540 2008 suo.
1582 1964 1762 2022 Utroque
1794 1977 1903 2022 ergo
1936 1963 2056 2007 modo

95 2030 282 2091 Christo
308 2030 523 2076 convenit
561 2031 717 2076 sedere
753 2031 809 2076 ad
836 2031 1068 2077 dexteram
1093 2032 1263 2077 Patris:
1296 2047 1379 2076 uno
1413 2031 1597 2090 quidem
1629 2031 1763 2086 modo,
1790 2031 2059 2089 inquantum

94 2097 382 2159 aeternaliter
406 2109 563 2143 manet
592 2099 942 2159 incorruptibilis
968 2100 1014 2144 in
1034 2100 1310 2144 beatitudine
1336 2099 1498 2153 Patris,
1526 2113 1640 2157 quae
1669 2100 1764 2157 ejus
1790 2098 1972 2142 dextera
2000 2099 2060 2142 di-

34 2159 47 2202 3-
94 2165 225 2219 citur,
257 2164 508 2210 secundum
533 2165 645 2210 illud
671 2165 745 2212 Ps.
769 2180 849 2225 15.;
867 2167 1165 2213 Delectationes
1195 2169 1241 2211 in
1267 2167 1433 2212 dextera
1453 2172 1523 2211 tua
1539 2181 1663 2224 usque
1689 2167 1734 2209 in
1757 2166 1907 2223 finem;
1936 2165 2056 2210 unde

28 2227 51 2281 ,s
92 2232 288 2292 August.
315 2233 423 2278 dicit
446 2232 493 2276 in
519 2232 594 2277 lib.
623 2247 660 2278 1.
687 2233 742 2278 de
766 2233 990 2293 Symbolo
1024 2234 1138 2295 (cap.
1165 2248 1207 2291 4.
1241 2236 1285 2278 in
1305 2235 1494 2293 princ.):
1525 2249 1548 2275 t<
1576 2232 1715 2277 Sedet
1741 2233 1796 2276 ad
1824 2233 2056 2276 dexteram

91 2299 262 2345 Patris:
288 2299 461 2355 sedere,
482 2299 701 2355 habitare,
717 2300 970 2360 intelligite,
989 2301 1224 2361 quomodo
1243 2301 1437 2345 dicimus
1460 2301 1515 2345 de
1538 2314 1829 2360 quocumque
1846 2300 2055 2344 homine:

90 2365 143 2412 In
168 2366 247 2411 illa
270 2366 415 2427 patria
456 2366 572 2412 sedit
611 2381 692 2428 per
715 2378 806 2413 tres
845 2382 1003 2413 annos.
1042 2368 1118 2412 Sic
1163 2383 1272 2428 ergo
1301 2368 1470 2412 credite
1510 2368 1745 2412 Christum
1773 2368 1978 2412 habitare
2009 2368 2056 2410 in

45 2451 52 2483 i
92 2433 274 2479 dextera
299 2433 387 2478 Dei
411 2433 581 2491 Patris;
606 2435 764 2480 beatus
792 2436 915 2480 enim
939 2446 1019 2491 est,
1039 2446 1083 2480 et
1099 2436 1238 2495 ipsius
1260 2435 1551 2480 beatitudinis
1577 2449 1749 2479 nomen
1783 2445 1850 2479 est
1876 2436 2057 2479 dextera

91 2501 239 2546 Patris
269 2518 310 2545 n.
339 2502 439 2546 Alio
470 2502 591 2547 modo
624 2503 787 2547 dicitur
805 2503 1014 2548 Christus
1040 2504 1198 2548 sedere
1223 2504 1270 2547 in
1297 2503 1480 2548 dextera
1494 2502 1760 2556 DeiPatris‚
1786 2502 2056 2562 inquantum

34 2600 43 2603 --
90 2568 217 2615 Patri
241 2579 505 2628 conregnat,
537 2579 584 2615 et
615 2570 668 2614 ab
702 2584 758 2615 eo
790 2571 927 2615 habet
957 2571 1243 2630 judiciariam
1276 2581 1570 2631 potestatem3
1604 2570 1719 2614 sicut
1744 2569 1821 2614 ille
1848 2570 1925 2629 qui
1952 2584 2057 2614 con-

93 2636 211 2682 sidet
233 2636 330 2695 regi
363 2635 418 2679 ad
445 2636 690 2692 dexteram,
718 2637 885 2682 assidet
916 2638 957 2682 ei
989 2638 1035 2682 in
1062 2638 1312 2698 regnando,
1340 2647 1383 2682 et
1414 2637 1684 2696 judicand03
1711 2637 1830 2681 unde
1863 2637 2057 2696 August.

95 2703 204 2748 dicit
234 2703 280 2746 in
307 2701 398 2747 alio
425 2716 559 2747 serm.
599 2704 655 2749 de
688 2705 913 2764 Symbolo
946 2706 1040 2762 (lib.
1067 2720 1104 2751 2.
1140 2713 1215 2765 cap
1257 2719 1295 2764 7.
1329 2720 1356 2750 a
1381 2705 1560 2766 princ):
1592 2720 1615 2746 «
1642 2705 1794 2764 ipsam
1827 2704 2058 2748 dexteram

93 2769 332 2828 intelligite
371 2779 659 2829 potestatem,
697 2787 834 2831 quam
863 2773 1038 2832 accepit
1078 2771 1155 2817 ille
1189 2772 1334 2817 homo
1367 2782 1602 2832 susceptus
1631 2786 1655 2815 a
1686 2772 1804 2827 Deo,
1831 2781 1880 2816 ut
1905 2773 2058 2815 venIat

93 2837 385 2896 judicaturus,
412 2837 488 2896 qui
514 2837 636 2897 prius
661 2850 845 2884 venerat
869 2839 1139 2899 judicandus
1162 2857 1203 2884 ».

34 2917 53 2962 ,ζ
185 2903 260 2948 AD
293 2916 481 2949 PRIMUM
513 2919 623 2964 ergo
650 2905 908 2961 dicendum,
941 2907 1078 2966 quod,
1116 2907 1232 2951 sicut
1262 2907 1477 2951 Damasc.
1513 2906 1621 2950 dicit
1651 2906 1697 2950 in
1730 2919 1772 2961 4.
1798 2906 1872 2950 lib.
1908 2905 2054 2963 (Orth.

31 2982 58 3022 '22
92 2969 192 3016 Fid.
213 2978 304 3031 cap.
331 2972 407 3029 2.),
436 2986 459 3012 c<
490 2985 584 3016 non
609 2971 808 3018 localem
834 2973 1063 3018 dexteram
1098 2974 1244 3018 Patris
1277 2974 1486 3027 dicimus,
1515 2973 1706 3033 qualiter
1733 2974 1855 3017 enirn
1884 2973 1958 3031 qui
1989 2972 2054 3015 in-

38 3040 61 3081 ζ
97 3037 529 3096 circumscriptibilis
555 3049 637 3094 est,
661 3039 858 3085 localem
888 3041 1148 3099 adipiscitur
1163 3040 1426 3086 dexteram?
1444 3041 1644 3085 Dextera
1672 3041 1792 3085 enim
1812 3050 1855 3084 et
1880 3039 2059 3084 sinistra

98 3119 259 3151 eorum
286 3120 403 3165 quae
431 3106 858 3153 circumscribuntur
883 3118 999 3153 sunt.
1025 3109 1274 3154 Dexteram
1293 3119 1446 3154 autem
1464 3109 1610 3153 Patris
1637 3108 1829 3153 dicimus
1847 3106 2058 3166 gloriam,

37 3209 48 3228 2,
99 3182 144 3218 et
167 3173 395 3218 honorem
423 3173 666 3218 divinitatis
691 3190 733 3218 n.

38 3299 41 3302 ¹
189 3239 266 3285 AD
298 3253 558 3285 SECUNDUM
591 3241 850 3296 dicendum,
877 3242 998 3302 quod
1016 3243 1132 3288 ratio
1149 3243 1228 3288 illa
1243 3243 1463 3303 procedit,
1486 3241 1735 3287 secundum
1755 3241 1875 3300 quod
1903 3241 2059 3286 sedere

100 3306 157 3351 ad
188 3307 419 3352 dexteram
459 3307 725 3367 intelligitur
765 3308 1083 3368 corporaliter:
1110 3311 1229 3355 unde
1256 3311 1449 3370 August.
1477 3309 1584 3353 dicit
1615 3309 1660 3352 in
1688 3309 1888 3367 quodam
1921 3322 2057 3352 serm.

49 3410 51 3414 1
101 3373 156 3419 de
183 3373 340 3434 Symb.
369 3374 540 3431 (scilicet
558 3375 628 3419 lib.
652 3391 687 3420 1.
715 3383 805 3435 cap.
831 3389 873 3432 4.
900 3382 995 3422 ante
1025 3377 1178 3435 med.).·
1210 3377 1294 3422 «Si
1320 3377 1558 3421 carnaliter
1585 3374 1909 3434 acceperimus,
1937 3374 2061 3434 quod

51 3472 54 3495 ;
102 3439 311 3486 Christus
338 3442 464 3485 sedet
487 3441 541 3486 ad
569 3442 799 3486 dexteram
824 3441 985 3499 Patris,
1011 3443 1087 3488 ille
1115 3446 1197 3489 erit
1224 3444 1278 3488 ad
1306 3445 1556 3489 sinistram:
1574 3443 1633 3486 ibi
1663 3453 1867 3497 autem»,
1890 3441 2063 3486 scilicet

98 3506 146 3551 in
173 3516 357 3552 aeterna
380 3508 672 3562 beatitudine,
702 3525 724 3550 α
742 3509 892 3554 omnis
919 3509 1100 3555 dextera
1127 3522 1207 3565 est,
1235 3511 1339 3571 quia
1356 3510 1480 3554 nulla
1508 3519 1575 3553 est
1595 3510 1654 3553 ibi
1688 3509 1871 3553 miseria
1897 3526 1938 3553 ».

51 3587 66 3626 ,g
143 3592 162 3597 ·>
191 3573 269 3619 An
302 3585 519 3620 *manum
551 3575 811 3630 dicendum,
845 3575 968 3635 quod
999 3576 1116 3622 sicut
1148 3577 1286 3637 Greg.
1322 3577 1429 3621 dicit
1460 3577 1506 3619 in
1547 3575 1674 3620 hom.
1711 3576 1903 3620 Ascens.
1937 3576 2062 3635 (quae

27 3643 52 3706 j
100 3645 156 3686 est
179 3653 250 3700 29.
270 3641 315 3686 in
340 3641 506 3701 Evang.
540 3656 566 3687 a
597 3641 736 3699 med),
760 3657 784 3684 α
815 3642 972 3689 sedere
997 3643 1239 3703 judicantis
1277 3654 1357 3700 est,
1397 3653 1516 3688 stare
1553 3656 1663 3687 vero
1705 3642 1961 3702 pugnantis,
1986 3641 2061 3688 vel
