2352 3926
0 1630 19 1794 {ruffinam
17 1657 20 1658 ,
0 1432 23 1637 ,fflwaenngka-J·

16 3310 25 3332 ὐ
10 2867 37 3299 ffwwaffl-rmww

629 211 908 259 Quasi-ro
948 210 1098 251 Lx111.
1137 209 1448 250 Anncuws
1485 209 1540 250 v.
1969 209 2073 264 529

208 315 303 361 sm>
327 327 522 361 CONTRA
556 324 637 367 est,
660 313 782 373 quod
810 313 1002 372 August.
1036 312 1146 357 dicit
1171 324 1212 357 2.
1239 321 1399 356 contra
1427 311 1785 356 parmenianum
1825 310 1934 370 (cap.
1963 325 2018 370 13.
2051 325 2078 355 a

116 383 271 441 med.).·
309 399 333 425 «
358 382 467 426 Non
493 381 645 425 minus
678 381 868 425 haerent
894 390 1181 425 sacramenta
1214 379 1475 433 christiana,
1508 393 1647 438 quam
1685 377 1936 437 corporalis
1969 388 2077 422 nota

117 450 308 499 militiae
334 466 383 494 »ε
411 450 489 493 sed
518 449 753 492 character
779 447 985 491 militaris
1017 460 1111 491 non
1145 447 1375 505 repetitur,
1407 446 1485 490 sed
1520 446 1699 504 agnitus
1725 446 2001 505 approbatur
2031 445 2077 488 in

118 531 191 571 eo,
218 517 295 576 qui
320 517 502 561 veni-am
530 526 729 559 meretur
756 515 808 558 ab
835 515 1112 573 imperatore
1138 524 1243 572 post
1269 513 1480 572 culpam;
1509 527 1619 571 ergo
1642 526 1726 557 nec
1755 512 1991 557 character
2013 526 2079 556 sa-

48 607 55 612 ·
117 583 407 630 eramentalis
433 582 574 627 deleri
600 591 765 641 potest.

160 668 164 673 ·
205 651 493 696 stponnno
521 649 779 703 dicendum,
806 647 945 707 quod,
981 647 1098 692 sicut
1125 647 1296 693 dictum
1331 657 1398 692 est
1425 649 1527 702 (art.
1550 662 1586 706 3.
1621 648 1707 704 huj.
1735 648 1811 705 q.),
1841 646 2078 692 character

117 717 461 764 sacramentalis
489 726 555 760 est
581 715 806 774 quaedam
845 714 1131 773 participatio
1164 714 1407 757 sacerdotii
1446 715 1616 758 Christi
1642 715 1687 757 in
1716 713 1922 758 fidelibus
1956 716 2077 772 ejus;

117 796 167 832 ut
191 785 366 832 scilicet
390 786 507 830 sicut
533 783 742 828 Christus
769 782 926 827 habuit
948 781 1134 840 plenam
1157 780 1399 840 spiritualis
1432 781 1676 826 sacerdotii
1702 792 1991 840 potestatem,
2016 782 2080 831 ita

116 852 272 899 fideles
305 853 402 911 ejus
439 852 479 897 ei
506 849 845 908 configuremur
879 848 926 892 in
968 848 1073 902 hoc,
1100 848 1223 907 quod
1264 848 1535 907 participant
1566 847 1765 907 aliquam
1798 848 2075 908 spiritualem

117 930 392 981 potestatem
427 926 633 978 respectu
666 926 1075 970 sacramentorum,
1109 926 1154 959 et
1186 929 1346 960 eorum
1378 929 1493 974 quae
1532 916 1755 974 pertinent
1787 916 1843 959 ad
1876 916 2079 961 divinum

118 987 315 1034 cultum:
343 997 388 1032 et
412 996 596 1046 propter
612 985 703 1029 hoc
730 984 868 1028 etiam
888 983 1075 1028 Christo
1098 997 1192 1027 non
1215 983 1436 1042 competit
1457 983 1625 1027 habere
1643 984 1978 1039 characterem;
2001 984 2080 1028 sed

117 1065 318 1116 potestas
343 1053 586 1099 sacerdotii
604 1053 698 1110 ejus
722 1061 1015 1110 comparatur
1032 1051 1087 1094 ad
1106 1051 1433 1104 characterem,
1451 1051 1566 1095 sicut
1587 1051 1631 1094 id
1650 1051 1771 1109 quod
1791 1061 1859 1095 est
1878 1051 2082 1111 plenum,

117 1132 164 1170 et
187 1121 455 1181 perfectum,
491 1119 548 1163 ad
585 1119 788 1178 aliquam
820 1120 889 1163 sui
926 1118 1346 1177 participationem:
1386 1118 1694 1162 sacerdotium
1722 1129 1874 1163 autem
1908 1119 2082 1164 Christi

117 1200 186 1235 est
210 1199 460 1241 aeternum,
486 1188 736 1232 secundum
765 1186 875 1230 illud
903 1185 1023 1230 Psal.
1055 1199 1174 1244 109.:
1203 1186 1266 1230 Tu
1292 1201 1330 1230 es
1353 1185 1542 1230 sacerdos
1558 1187 1602 1228 in
1619 1192 1832 1230 aeternum
1858 1186 2080 1231 secundum

118 1256 305 1302 ordinem
331 1255 640 1301 Melchisedech.
662 1255 719 1298 Et
744 1255 848 1298 inde
872 1263 940 1298 est
966 1254 1088 1313 quod
1116 1253 1267 1297 omnis
1294 1252 1611 1306 sanctificatio,
1638 1253 1744 1312 quia
1760 1253 1810 1297 fit
1835 1267 1915 1312 per
1940 1268 2084 1298 sacer-

118 1324 296 1369 dotium
323 1324 437 1383 ejus,
455 1332 523 1367 est
538 1332 769 1381 perpetua,
795 1335 843 1365 re
871 1330 1137 1364 consecrata
1164 1331 1402 1364 manente:
1432 1321 1555 1379 quod
1577 1330 1701 1379 patet
1725 1320 1864 1364 etiam
1886 1321 1930 1364 ln
1948 1321 2081 1365 rebus

118 1390 395 1443 inanimatis,
430 1403 541 1434 nam
573 1388 813 1442 ecclesiae,
846 1388 920 1432 vel
957 1388 1110 1432 altaris
1146 1398 1302 1432 manet
1334 1388 1621 1432 consecratio
1654 1401 1848 1446 semper,
1886 1388 1975 1432 nisi
2009 1388 2083 1433 de-

117 1468 327 1504 struatur.
356 1457 478 1503 Cum
496 1457 633 1516 igitur
657 1458 809 1500 anima
834 1456 891 1500 sit
915 1457 1171 1514 subiectum
1189 1456 1463 1500 characteris
1485 1455 1738 1499 secundum
1755 1454 2081 1500 intellectivam

118 1535 312 1586 partem,
347 1525 394 1568 in
421 1538 509 1584 qua
546 1533 615 1571 est
639 1523 766 1578 fides,
793 1534 842 1567 ut
868 1523 1039 1568 dictum
1073 1533 1142 1567 est
1179 1523 1279 1579 (art.
1315 1531 1458 1583 praec.
1485 1523 1540 1567 ad
1567 1524 1641 1582 3.),
1669 1521 1962 1568 manifestum
2000 1533 2082 1577 est,

118 1592 243 1653 quod
270 1592 389 1636 sicut
411 1590 671 1635 intellectus
701 1602 944 1651 perpetuus
977 1600 1057 1644 est,
1085 1601 1131 1635 et
1155 1590 1537 1650 incorruptibilis;
1564 1590 1627 1634 ita
1655 1590 1893 1635 character
1916 1590 2084 1635 indele-

118 1659 268 1704 biliter
294 1669 449 1704 manet
469 1659 516 1702 in
543 1659 712 1703 anima.
878 1693 884 1697 .

208 1728 285 1771 AD
309 1739 499 1772 numm
527 1739 638 1784 ergo
666 1725 925 1779 dicendum,
952 1725 1074 1784 quod
1103 1725 1231 1769 aliter
1250 1735 1319 1770 est
1342 1726 1389 1769 in
1417 1727 1569 1769 anima
1587 1725 1745 1784 gratia,
1772 1735 1818 1770 et
1834 1725 1964 1770 aliter
1980 1726 2084 1770 cha-

119 1804 279 1847 racter,
306 1807 412 1837 nam
433 1793 576 1852 gratia
599 1803 668 1837 est
685 1794 731 1836 in
750 1792 917 1846 anima,
940 1793 1056 1836 sicut
1078 1793 1303 1852 quaedam
1329 1792 1478 1837 forma
1503 1793 1676 1837 habens
1701 1809 1778 1838 esse
1800 1792 2083 1853 completum

118 1861 166 1907 in
190 1874 270 1915 ea;
293 1861 530 1905 character
555 1870 709 1904 autem
736 1861 868 1904 estin
897 1860 1064 1913 anima,
1091 1861 1208 1904 sicut
1229 1861 1454 1920 quaedam
1480 1861 1620 1905 virtus
1646 1860 2017 1915 instrumentalis,
2035 1871 2084 1905 ut

121 1942 256 1988 supra
280 1928 452 1973 dictum
480 1938 548 1972 est
574 1928 675 1986 (art.
703 1941 743 1972 2.
770 1928 858 1986 huj.
886 1927 979 1986 q.):
1005 1925 1154 1971 forma
1183 1938 1336 1972 autem
1364 1928 1595 1987 completa
1623 1938 1690 1972 est
1715 1928 1761 1972 in
1788 1928 1992 1986 subjecto
2019 1942 2084 1973 se-

121 1995 323 2041 cundum
341 1991 654 2057 conditionem
681 1995 893 2053 subjecti;
919 2004 963 2038 et
979 1995 1085 2053 quia
1112 1995 1265 2038 anima
1283 2005 1351 2040 est
1367 1995 1596 2039 mutabilis
1619 1995 1871 2039 secundum
1887 1995 2083 2040 liberum

120 2062 370 2115 arbitrium,
398 2061 616 2121 quamdiu
644 2071 712 2106 est
742 2061 788 2105 in
822 2071 940 2106 statu
971 2062 1088 2115 viae,
1116 2076 1402 2121 consequens
1430 2073 1509 2117 est,
1537 2063 1658 2121 quod
1687 2062 1831 2121 gratia
1864 2063 1968 2107 insit
1994 2062 2085 2107 ani-

119 2142 224 2176 mae
250 2129 549 2173 mutabiliter:
578 2129 657 2173 sed
689 2129 829 2173 virtus
857 2130 1212 2174 instrumentalis
1246 2131 1392 2189 magis
1426 2131 1669 2175 attenditur
1700 2131 1951 2175 secundum
1980 2146 2085 2176 con-

119 2196 341 2240 ditionem
361 2195 622 2255 principalis
650 2197 845 2254 agentis:
866 2207 911 2241 et
927 2196 1031 2240 ideo
1059 2197 1297 2242 character
1318 2197 1618 2243 indelebiliter
1633 2200 1751 2242 inest
1776 2199 1972 2253 animae,
1988 2213 2083 2243 non

117 2273 302 2323 propter
325 2262 397 2307 sui
422 2261 766 2321 perfectionem,
793 2263 871 2307 sed
898 2273 1082 2322 propter
1106 2263 1436 2323 perfectionem
1464 2265 1707 2309 sacerdotii
1734 2265 1919 2320 Christi,
1947 2281 1971 2310 a
1990 2280 2082 2326 quo

118 2329 348 2375 derivatur
363 2330 614 2384 character,
641 2330 756 2375 sicut
783 2331 1009 2390 quaedam
1036 2331 1394 2376 instrumentalis
1421 2334 1576 2378 virtus.

207 2397 285 2442 AD
311 2410 574 2442 SECUNDUM
601 2398 862 2451 dicendum,
891 2398 1030 2457 quod,
1057 2399 1174 2442 sicut
1207 2399 1491 2458 Augustinus
1525 2400 1633 2444 dicit
1659 2401 1754 2458 (lib.
1787 2416 1823 2446 1.
1850 2400 1897 2446 de
1921 2403 2081 2462 Raptis.

118 2470 227 2510 cont.
258 2465 473 2509 Donatist.
500 2466 578 2510 cir.
604 2467 744 2525 princ.
784 2466 894 2524 lib),
932 2482 956 2507 α
987 2481 1072 2510 nec
1099 2467 1222 2525 ipsos
1256 2478 1486 2527 apostatas
1517 2469 1725 2514 videmus
1759 2483 1912 2514 carere
1945 2470 2085 2530 bapti-

119 2540 283 2586 smate,
313 2532 474 2590 quibus
506 2532 661 2591 utique
694 2547 774 2592 per
808 2534 1138 2592 poenitentiam
1165 2534 1456 2580 redeuntibus
1487 2550 1581 2580 non
1608 2537 1868 2592 restituitur,
1902 2548 1946 2582 et
1975 2538 2082 2583 ideo

123 2597 270 2642 amitti
298 2611 395 2643 non
423 2613 558 2657 posse
589 2599 816 2659 judicatur
847 2615 898 2644 »ι
932 2611 976 2645 et
1007 2602 1142 2660 hujus
1174 2602 1291 2646 ratio
1325 2613 1405 2657 est,
1439 2604 1545 2663 quia
1577 2604 1813 2649 character
1845 2614 1911 2655 est
1941 2606 2083 2650 virtus

121 2663 488 2720 instrumentalis,
514 2677 563 2711 ut
587 2667 761 2712 dictum
787 2678 855 2713 est
879 2669 949 2726 (in
972 2669 1092 2714 solut.
1111 2671 1290 2729 praec).
1319 2671 1455 2716 Ratio
1483 2681 1637 2715 autem
1663 2672 1952 2717 instrumenti
1977 2687 2084 2717 con-

122 2730 240 2775 sistit
262 2730 310 2775 in
345 2730 452 2786 hoc,
478 2733 600 2792 quod
637 2734 691 2778 ab
727 2735 818 2779 alio
854 2746 1108 2790 moveatur,
1144 2751 1239 2781 non
1277 2747 1430 2783 autem
1462 2738 1510 2783 in
1546 2739 1654 2794 hoc,
1688 2741 1811 2799 quod
1847 2740 1997 2799 ipsum
2034 2753 2083 2785 se

123 2807 324 2852 moveat,
339 2798 462 2857 quod
479 2800 672 2858 pertinet
687 2802 745 2846 ad
769 2802 1078 2859 voluntatem3
1101 2813 1144 2848 et
1169 2805 1288 2860 ideo,
1312 2817 1736 2867 quantumcumque
1752 2807 1963 2853 voluntas
1986 2822 2085 2852 mo-

120 2874 279 2909 veatur
302 2864 350 2908 in
376 2865 667 2923 contrarium,
693 2868 928 2915 character
949 2885 1044 2915 non
1069 2883 1347 2927 removetur,
1373 2863 1947 2934 propter⁴immobilitatem
1967 2875 2083 2935 prin-

123 2930 283 2990 cipalis
307 2933 552 2979 moventis.

210 2999 288 3044 An
318 3011 535 3045 TERTIUM
570 3001 830 3059 dicendum,
856 3005 978 3065 quod
1010 3008 1220 3066 quamvis
1252 3019 1356 3067 post
1387 3009 1506 3054 hanc
1537 3010 1679 3053 vitam
1712 3023 1806 3054 non
1848 3021 2084 3056 remaneat

121 3066 318 3111 exterior
342 3065 505 3121 cultus,
548 3078 753 3114 remanet
777 3080 932 3116 tamen
959 3073 1059 3118 finis
1090 3073 1211 3120 illius
1244 3075 1406 3131 cultus,
1439 3087 1484 3121 et
1515 3077 1621 3121 ideo
1654 3088 1755 3136 post
1788 3077 1906 3122 hanc
1938 3078 2081 3122 vitam

122 3143 328 3177 remanet
351 3133 603 3189 character,
631 3145 675 3179 et
700 3136 746 3180 in
771 3137 903 3183 bonis
930 3140 985 3183 ad
1003 3154 1167 3185 eorum
1183 3142 1395 3200 gloriam,
1414 3154 1458 3188 et
1484 3144 1529 3188 in
1548 3143 1680 3187 malis
1698 3144 1753 3187 ad
1772 3157 1932 3188 eorum
1954 3144 2083 3203 igno-

122 3199 337 3244 miniam:
364 3200 482 3244 sicut
506 3201 645 3246 etiam
678 3202 885 3249 militaris
912 3206 1147 3253 character
1172 3220 1380 3254 remanet
1410 3211 1456 3254 in
1489 3210 1706 3254 militibus
1732 3220 1836 3269 post
1867 3211 2080 3270 adeptam

120 3267 377 3321 victoriam,
415 3277 460 3311 et
491 3267 538 3311 in
570 3267 643 3313 his
674 3270 752 3328 qui
783 3271 1004 3328 vicerunt,
1036 3274 1092 3318 ad
1125 3275 1335 3334 gloriam,
1370 3287 1414 3321 et
1444 3277 1489 3320 in
1522 3277 1594 3321 his
1625 3279 1702 3336 qui
1733 3287 1838 3322 sunt
1867 3277 1991 3333 victi,
2023 3279 2080 3324 ad

121 3347 335 3392 poenam.

302 3702 339 3737 S.
365 3703 519 3739 Taouu
544 3703 676 3739 &aaa
707 3704 913 3752 Tbeohgiea.
937 3706 1020 3744 Vol.
1045 3707 1107 3747 1v.
1864 3724 1905 3759 34
