2352 3926
683 225 963 273 QUAESTIO
1003 224 1111 265 mx.
1151 209 1460 266 Ani-murus
1500 225 1571 264 ιν.
1989 227 2094 281 495

138 340 277 378 omnes
291 329 458 391 populi,
476 330 625 384 tribus,
642 334 681 374 et
700 328 866 388 linguae
888 329 1067 374 servient
1083 330 1122 374 ei
1131 343 1149 382 ‚·
1177 329 1297 374 tertio
1321 337 1507 388 apparet
1527 327 1650 373 idem
1668 341 1722 372 ex
1739 327 2100 387 comparatione,

137 411 291 444 rerum
314 397 621 441 humanarum
647 396 702 440 ad
729 395 868 440 finem
893 396 1123 440 humanae
1150 394 1321 450 salutis,
1349 395 1623 454 cuicumque
1649 394 1773 440 enim
1799 394 2101 439 committitur

134 462 401 525 principale,
418 462 719 508 committitur
737 473 781 508 et
798 463 1128 508 accessorium:
1148 477 1310 508 omnes
1329 472 1479 507 autem
1499 477 1569 507 res
1587 463 1817 507 humanae
1835 462 2101 507 ordinantur

135 531 185 577 in
213 531 355 576 finem
379 531 682 595 beatitudinis,
709 545 826 591 quae
853 540 921 576 est
945 531 1067 575 salus
1090 541 1299 586 aeterna;
1323 534 1378 575 ad
1402 545 1539 590 quam
1558 531 1771 576 homines
1789 530 2100 584 admittuntur,

137 598 211 644 vel
236 613 262 643 a
288 613 377 658 qua
402 599 542 643 etiam
567 598 845 658 repelluntur
868 598 1039 656 judicio
1068 598 1255 651 Christi,
1283 608 1330 641 ut
1356 607 1477 656 patet
1503 598 1663 642 Matth.
1692 611 1787 655 25.;
1814 608 1860 642 et
1878 598 1984 643 ideo
2007 612 2099 641 ma-

134 664 351 711 nifestum
383 675 465 720 est,
490 665 613 724 quod
650 665 705 709 ad
740 665 1025 724 judiciariam
1061 674 1335 724 potestatem
1363 664 1535 709 Christi
1570 666 1796 722 pertinent
1831 679 1994 710 omnes
2026 679 2097 709 res

135 733 380 778 humanae.
2000 773 2004 777 .

226 800 302 845 AD
323 812 512 845 PR1MUM
539 813 650 858 ergo
677 798 937 852 dicendum,
954 798 1091 857 quod,
1109 798 1226 842 sicut
1251 797 1423 841 dictum
1443 807 1511 841 est
1535 798 1638 855 (art.
1658 806 1802 858 praec.
1824 813 1915 858 arg.
1938 799 2014 857 1.),
2039 800 2102 858 ju-

136 866 323 912 diciaria
354 875 553 926 potestas
586 866 879 925 consequitur
911 865 1087 923 regiam
1120 865 1409 924 dignitatem:
1446 865 1653 908 Christus
1698 876 1864 920 autem,
1892 866 2100 925 quamvis

137 945 255 980 esset
279 948 359 978 rex
383 933 655 977 constitutus
692 947 717 976 a
754 933 871 986 Deo,
898 945 991 976 non
1017 942 1173 976 tamen
1210 932 1255 975 in
1290 931 1419 975 terris
1444 931 1604 975 vivens
1639 942 1870 976 terrenum
1907 947 2099 992 regnum

135 1000 448 1061 temporaliter
470 1000 783 1044 administrare
800 998 970 1053 voluit3
997 999 1116 1043 unde
1133 999 1229 1058 ipse
1248 999 1356 1042 dicit
1376 998 1507 1056 Joan.
1540 998 1630 1042 18.:
1659 1001 1845 1057 Regnum
1862 1016 1999 1044 meum
2017 1015 2100 1045 non

135 1075 194 1114 est
217 1067 264 1113 de
284 1069 357 1112 hoc
378 1067 531 1111 mundo
542 1082 558 1120 ;
587 1066 795 1111 similiter
816 1066 952 1110 etiam
976 1066 1260 1124 judiciariam
1282 1074 1556 1124 potestatem
1577 1079 1786 1110 exercere
1804 1066 1951 1111 noluit
1967 1081 2100 1126 super

135 1149 208 1181 res
247 1133 538 1194 temporales,
571 1134 648 1193 qui
679 1143 866 1178 venerat
904 1133 1132 1180 homines,
1153 1133 1208 1176 ad
1246 1133 1397 1176 divina
1429 1131 1694 1176 transferre:
1733 1134 1851 1177 unde
1884 1134 2098 1179 Ambros.

136 1202 204 1261 (in
228 1203 336 1246 hunc
358 1202 436 1246 loc.
460 1201 585 1256 Luc.)
616 1201 785 1245 ibidem
814 1200 943 1244 dicit:
981 1217 1004 1242 t<
1028 1200 1151 1244 Bene
1184 1210 1363 1244 terrena
1395 1199 1607 1254 declinat,
1633 1199 1710 1259 qui
1736 1210 1921 1259 propter
1947 1201 2101 1245 divina

135 1269 456 1323 descenderat;
487 1282 572 1312 nec
597 1269 732 1327 judex
757 1267 970 1325 dignatur
996 1282 1093 1311 esse
1119 1267 1282 1321 litium,
1307 1277 1352 1311 et
1378 1267 1542 1311 arbiter
1572 1266 1856 1321 facultatum,
1887 1268 2101 1312 vivorum

133 1337 321 1391 habens,
346 1345 724 1394 mortuorumque
746 1335 980 1394 judicium,
1007 1334 1332 1394 arbitriumque
1359 1334 1627 1378 meritorum
1652 1351 1692 1379 n.

223 1404 300 1448 AD
326 1415 587 1448 SECUNDUM
613 1402 872 1457 dicendum,
894 1402 1015 1462 quod
1045 1402 1231 1446 Christo
1258 1412 1363 1446 sunt
1389 1401 1546 1445 omnia
1572 1402 1774 1460 subjecta
1800 1411 2021 1461 quantum
2045 1402 2102 1447 ad

134 1480 423 1531 potestatem,
446 1484 584 1530 quam
611 1484 636 1513 a
661 1470 796 1513 Patre
822 1483 956 1528 super
983 1469 1140 1513 omnia
1167 1469 1357 1528 accepit,
1384 1469 1634 1512 secundum
1661 1468 1773 1512 illud
1806 1469 1968 1513 Matth.
1995 1468 2100 1515 ult.:

134 1540 256 1584 Data
287 1544 344 1583 est
366 1538 472 1582 mihi
497 1539 632 1581 omnis
649 1543 828 1596 potestas
853 1538 898 1580 in
929 1537 1051 1589 coe10,
1086 1542 1122 1581 et
1151 1538 1198 1580 in
1231 1543 1372 1588 terren
1400 1535 1607 1579 nondum
1633 1545 1789 1580 tamen
1816 1545 1919 1580 sunt
1945 1537 2103 1581 omnia

135 1606 178 1651 ei
212 1605 428 1663 subiecta,
454 1614 675 1664 quantum
702 1603 757 1647 ad
784 1603 1100 1648 executionem
1127 1617 1236 1647 suae
1262 1604 1521 1662 potestatis;
1561 1603 1684 1662 quod
1717 1603 1902 1662 quidem
1936 1604 2018 1648 erit
2051 1605 2099 1648 in

133 1672 301 1726 futuro,
327 1671 510 1731 quando
543 1671 599 1715 de
632 1671 844 1715 omnibus
869 1670 1155 1715 voluntatem
1186 1685 1318 1714 suam
1350 1669 1629 1728 adimplebit,
1663 1671 1890 1730 quosdam
1915 1670 2101 1730 quidem

136 1739 371 1793 salvando,
397 1738 622 1798 quosdam
650 1747 802 1783 autem
829 1738 1075 1797 puniend0.

224 1807 302 1852 AD
328 1818 544 1851 TERTIUM
570 1804 829 1858 dicendum,
853 1805 975 1864 quod
998 1814 1101 1849 ante
1119 1805 1482 1848 incarnationem
1502 1804 1768 1862 hujusmodi
1790 1805 1957 1864 judicia
1982 1820 2103 1850 exer-

136 1873 352 1919 cebantur
376 1887 457 1931 per
478 1871 728 1926 Christum,
751 1871 1021 1930 inquantum
1043 1872 1132 1916 Dei
1152 1871 1354 1915 Verbum
1379 1882 1446 1915 est
1464 1887 1474 1926 ;
1503 1873 1628 1930 cujus
1646 1872 1880 1930 potestatis
1897 1872 2016 1917 facta
2035 1882 2103 1917 est

135 1940 360 2002 particeps
383 1954 464 2000 per
486 1940 850 1984 incarnationem
877 1939 1030 1982 anima
1057 1939 1098 1983 ei
1123 1938 1421 1997 personaliter
1450 1939 1586 1982 unita.

819 2132 1254 2198 ARTICULUS
1294 2133 1363 2188 v.
2020 2160 2103 2206 324

210 2276 404 2317 UTRUM
435 2276 577 2316 POST
604 2276 870 2331 JUDICIUM
900 2277 1058 2323 QUOD
1094 2276 1302 2314 AGITUR
1334 2277 1390 2315 IN
1423 2276 1722 2315 PRAESENTI
1752 2276 2026 2327 TEMPORE,

759 2359 969 2397 RESTET
997 2358 1166 2397 ALIUD
1194 2358 1478 2412 JUDICIUM.

421 2483 489 2542 (4.
514 2484 628 2529 Dist.
650 2498 720 2544 47.
743 2499 782 2544 q.
804 2501 839 2530 1.
861 2491 943 2530 art.
970 2501 1005 2530 1.
1028 2500 1066 2543 q.
1093 2501 1128 2534 ι.
1156 2491 1195 2529 et
1220 2485 1291 2529 lib.
1318 2499 1361 2542 4.
1391 2485 1537 2530 Contr.
1562 2499 1602 2544 g.
1630 2493 1722 2544 cap.
1745 2498 1816 2545 95.

287 2556 324 2597 et
344 2557 478 2611 opusc.
504 2566 544 2596 2.
573 2559 663 2611 cap.
689 2566 788 2611 249.
816 2558 855 2598 et
875 2560 1009 2612 opusc.
1033 2568 1098 2598 10.
1127 2560 1220 2612 cap.
1247 2566 1316 2611 27.
1343 2557 1379 2597 et
1404 2552 1486 2596 Isa.
1510 2567 1575 2611 30.
1604 2552 1691 2597 lect.
1714 2568 1751 2611 3.
1772 2552 1951 2612 princ).

237 2676 314 2721 An
339 2689 566 2727 Qum-run
599 2677 662 2721 sic
688 2678 960 2738 proceditur.
987 2678 1191 2733 Videtur,
1219 2679 1341 2739 quod
1373 2689 1478 2739 post
1498 2679 1733 2738 judicium,
1760 2680 1883 2739 quod
1909 2681 1955 2724 in
1980 2695 2103 2740 prae-

138 2745 253 2789 senti
274 2754 482 2804 tempore
508 2745 668 2803 agitur,
694 2759 788 2789 non
813 2756 950 2790 restet
975 2746 1096 2791 aliud
1121 2747 1341 2805 judicium
1364 2747 1596 2806 generale:
1620 2758 1723 2806 post
1744 2747 1954 2792 ultimam
1978 2748 2101 2791 enim

138 2811 483 2856 retributionem
508 2812 831 2870 praemiorum,
858 2823 902 2857 et
927 2828 1181 2872 poenarum
1213 2814 1377 2873 frustra
1411 2814 1648 2859 adhibetur
1678 2815 1921 2874 judicium:
1949 2815 2028 2859 sed
2055 2816 2100 2858 in

137 2878 228 2922 hoc
261 2877 487 2937 praesenti
517 2888 723 2938 ternpore
754 2879 804 2924 fit
834 2881 1068 2925 retributio
1102 2882 1429 2940 praemiorum,
1463 2891 1506 2926 et
1538 2896 1814 2942 poenarum:
1842 2883 1950 2926 dixit
1977 2882 2100 2925 enim

137 2944 367 2989 Dominus
392 2943 559 2988 latroni
578 2944 625 2989 in
647 2959 781 2990 cruce
809 2946 919 2991 Luc.
957 2960 1050 3006 23.:
1077 2949 1214 2992 Hodie
1236 2964 1396 2993 mecum
1412 2950 1492 2993 eris
1523 2951 1568 2993 in
1577 2949 1793 3009 paradiso,
1818 2960 1862 2993 et
1894 2949 2005 2992 Luc.
2029 2946 2096 2994 16.

0 3001 2 3024 ⁴
137 3011 314 3064 dicitur,
339 3011 462 3070 quod
487 3018 676 3057 mortuus
696 3013 889 3067 estdives,
908 3021 944 3059 et
963 3015 1138 3074 sepultus
1163 3022 1218 3060 est
1235 3017 1278 3059 in
1300 3016 1465 3074 inferno
1477 3030 1494 3068 ,·
1520 3030 1630 3075 ergo
1654 3016 1815 3061 frustra
1840 3024 2101 3074 expectatur

137 3078 273 3123 finale
298 3078 531 3136 judicium.

226 3158 267 3190 2.
294 3146 591 3190 PRAETEREA.
613 3145 800 3191 Nahum
832 3159 867 3191 1.
894 3148 1056 3193 dicitur
1081 3151 1334 3194 secundum
1361 3149 1499 3194 aliam
1526 3149 1703 3194 literam
1723 3149 1872 3205 (LXX.
1891 3150 2063 3208 interp.)
2083 3162 2097 3191 .·

137 3212 236 3258 Non
254 3212 462 3272 judicabit
485 3214 598 3257 Deus
619 3214 678 3257 bis
695 3215 739 3257 in
757 3213 963 3273 idipsum:
991 3217 1069 3260 sed
1087 3217 1134 3261 in
1151 3217 1242 3261 hoc
1269 3228 1477 3275 tempore
1495 3217 1582 3260 Dei
1608 3216 1826 3273 judicium
1851 3224 2099 3270 exercetur,

138 3289 183 3324 et
206 3290 425 3338 quantum
455 3279 509 3323 ad
535 3279 820 3337 temporalia,
839 3290 883 3325 et
898 3292 1117 3340 quantum
1137 3284 1192 3328 ad
1209 3284 1484 3343 spiritualia;
1513 3296 1622 3341 ergo
1645 3283 1834 3335 videtur,
1864 3282 1985 3341 quod
2004 3295 2099 3326 non

0 3378 1 3386 ,
57 3342 61 3388 ᾗ
137 3346 196 3391 sit
219 3346 548 3406 expectandum
578 3346 698 3390 aliud
726 3346 861 3391 finale
887 3349 1120 3406 judicium.

231 3427 268 3471 3.
297 3413 593 3457 PRAETEREA.
622 3412 898 3469 Praemium,
925 3425 970 3458 et
994 3430 1143 3474 poena
1168 3417 1445 3476 respondent
1471 3416 1650 3467 merito,
1679 3425 1722 3458 et
1748 3415 1995 3459 demerito:
2021 3414 2100 3460 sed

138 3480 367 3532 meritum,
394 3490 439 3523 et
463 3478 733 3523 demeritum
760 3494 853 3524 non
880 3482 1105 3539 pertinent
1131 3483 1186 3526 ad
1214 3498 1393 3542 corpus,
1421 3484 1507 3526 nisi
1534 3483 1802 3540 inquantum
1830 3492 1897 3525 est
1919 3482 2099 3526 animae

137 3545 514 3599 instrumentum3
541 3544 651 3605 ergo
677 3560 760 3590 nec
788 3547 1059 3605 praemium,
1085 3564 1166 3594 seu
1188 3564 1336 3609 poena
1364 3550 1550 3593 debetur
1583 3550 1778 3606 corpori,
1804 3548 1891 3591 nisi
1917 3558 2100 3607 propter

140 3611 367 3667 animam3
393 3626 488 3657 non
510 3626 621 3671 ergo
644 3613 883 3672 requiritur
905 3613 1026 3659 aliud
1048 3616 1269 3674 judicium
1284 3616 1331 3660 in
1352 3615 1454 3669 fine,
1473 3615 1528 3659 ad
1550 3614 1640 3659 hoc
1664 3614 1787 3673 quod
1809 3614 1954 3660 homo
1976 3629 2100 3675 prae-
