2352 3926
689 241 968 288 QUAESTIO
1008 240 1085 280 111.
1125 239 1434 281 ARTICULUS
1475 240 1509 278 Ι.
2003 242 2073 297 49

788 523 1236 602 QUAESTIO
1286 525 1383 585 111.

128 657 149 709 ἶ
222 680 305 721 DE
349 678 524 721 MODO
554 678 804 721 UNIONIS
850 679 931 719 Ex
975 678 1167 719 PARTE
1212 678 1522 719 PERSONAE
1570 678 1957 730 AssUMENTIs,

634 768 700 808 IN
747 768 902 810 ocTo
948 767 1279 809 ARTICULOS
1327 768 1547 809 DIVISA.

162 959 166 971 ²
204 947 383 995 Deinde
409 947 792 993 considerandum
809 957 878 993 est
894 947 949 992 de
975 947 1145 991 unione
1173 961 1227 991 ex
1253 955 1379 1005 parte
1405 960 1631 1006 personae
1658 946 1944 991 assumentis.

740 1061 798 1106 Et
818 1062 934 1105 circa
960 1061 1034 1105 hoc
1059 1066 1319 1120 quaeruntur
1350 1066 1454 1104 octo.

206 1150 376 1196 Primo.
409 1149 575 1195 Utrum
602 1160 832 1194 assumere
860 1149 1104 1193 conveniat
1134 1162 1357 1208 personae
1385 1147 1579 1192 divinae.

125 1222 129 1231 “
176 1225 179 1229 “
206 1217 434 1264 Secundo.
461 1217 628 1262 Utrum
655 1217 898 1261 conveniat
918 1226 1107 1260 naturae
1131 1217 1325 1260 divinae.

132 1289 153 1318 ἴ·
183 1288 188 1343 [
206 1283 382 1331 Tertio.
407 1284 575 1329 Utrum
599 1294 760 1328 natura
785 1284 927 1343 possit
951 1297 1181 1328 assumere
1208 1284 1432 1327 abstracta
1458 1281 1796 1342 personalitate.
1976 1301 2004 1345 χ

207 1350 400 1405 Quarto.
427 1351 595 1405 Utrum
620 1365 710 1394 una
742 1365 936 1410 persona
962 1351 1105 1410 possit
1130 1364 1363 1395 assumere
1390 1350 1486 1394 sine
1515 1349 1616 1394 alia.

210 1419 401 1477 Quinto.
427 1418 594 1463 Utrum
619 1417 847 1477 quaelibet
871 1432 1067 1477 persona
1093 1420 1236 1477 possit
1264 1431 1510 1462 assumere.

123 1502 139 1515 ³
210 1485 364 1532 Sext'o.
391 1485 557 1530 Utrum
583 1484 734 1544 plures
760 1499 979 1544 personae
1005 1486 1181 1545 possint
1206 1499 1438 1530 assumere
1466 1499 1606 1528 unam
1632 1498 1828 1530 numero
1854 1494 2080 1531 naturam.

210 1553 431 1613 Septimo.
459 1553 625 1597 Utrum
652 1567 742 1596 una
763 1566 958 1611 persona
983 1553 1126 1611 possit
1158 1567 1392 1597 assumere
1419 1553 1530 1597 duas
1555 1566 1750 1597 numero
1778 1561 1976 1597 naturas.

211 1620 409 1667 Octavo.
436 1619 603 1665 Utrum
638 1619 788 1677 magis·
810 1618 944 1664 fuerit
975 1619 1253 1664 conveniens
1286 1620 1342 1664 de
1374 1633 1571 1679 persona
1601 1619 1703 1664 Filii
1722 1620 1826 1678 Dei,
1858 1619 1981 1680 quod
2000 1634 2076 1666 as-

122 1686 367 1748 sumpserit
391 1686 645 1731 humanam
669 1696 895 1740 naturam,
921 1700 1060 1746 quam
1087 1686 1143 1731 de
1169 1686 1256 1740 alia
1281 1700 1477 1747 persona
1503 1687 1668 1732 divina.

839 1849 1274 1908 ARTICULUS
1317 1851 1360 1906 I.
2029 1881 2081 1928 19

377 1979 570 2019 UTRUM
608 1979 889 2020 PERSONAE
928 1979 1156 2019 DIVINAE
1198 1980 1519 2020 CONVENIAT
1553 1980 1834 2020 ASSUMERE

804 2061 1073 2102 NATURAM
1107 2062 1382 2101 CREATAM.

774 2169 826 2228 (3.
868 2170 981 2215 Dist.
1010 2185 1046 2229 5.
1088 2185 1127 2230 q.
1159 2185 1199 2215 2.
1232 2177 1315 2215 art.
1348 2170 1422 2228 1.).

128 2290 133 2295 ‘
208 2281 282 2327 AD
307 2294 495 2328 PRIMUM
513 2282 576 2327 sic
603 2281 876 2342 proceditur.
903 2281 1108 2336 Videtur,
1126 2282 1248 2342 quod
1271 2296 1492 2342 personae
1519 2282 1698 2327 divinae
1719 2297 1813 2328 non
1840 2285 2085 2330 conveniat

115 2361 347 2395 assumere
370 2359 581 2395 naturam
613 2356 835 2394 creatam:
862 2363 1060 2409 persona
1092 2350 1215 2394 enim
1243 2350 1395 2394 divina
1427 2350 1652 2409 significat
1684 2350 1855 2411 aliquid
1881 2353 2081 2397 maxime

84 2452 85 2455 η
113 2414 388 2479 perfectum:
411 2416 662 2477 perfectum
688 2426 842 2461 autem
864 2426 945 2472 est,
973 2418 1043 2461 cui
1066 2431 1161 2461 non
1178 2427 1328 2476 potest
1349 2417 1447 2461 fieri
1464 2417 1658 2462 additio:
1678 2433 1782 2462 cum
1800 2419 1937 2478 igitur
1960 2434 2083 2464 assu-

113 2492 242 2539 mere
265 2486 323 2531 sit
345 2485 475 2545 quasi
501 2484 557 2529 ad
583 2499 631 2530 se
647 2498 843 2540 sumere,
859 2485 923 2528 ita
949 2484 1071 2544 quod
1099 2495 1384 2545 assumptum
1408 2484 1598 2529 addatur
1616 2486 1880 2541 assumenti,
1905 2487 2083 2532 videtur

110 2549 239 2615 {quod
258 2564 482 2612 personae
508 2552 688 2596 divinae
712 2565 807 2596 non
835 2553 1079 2596 conveniat
1105 2565 1334 2597 assumere
1357 2562 1568 2596 naturam
1596 2562 1811 2597 creatam.

189 2632 248 2669 Α2.
267 2619 566 2665 PRAETEREA.
594 2618 726 2673 Illud,
750 2619 805 2663 ad
837 2620 960 2679 quod
988 2618 1157 2678 aliquid
1185 2620 1442 2674 assumitur,
1469 2621 1838 2665 communicatur
1863 2621 2084 2681 quodam-

19 2682 259 2749 esmodo
284 2686 341 2742 ei,
366 2686 489 2746 quod
514 2687 560 2730 in
592 2687 744 2746 ipsum
776 2686 1040 2741 assumitur;
1067 2686 1184 2731 sicut
1214 2687 1410 2746 dignitas
1443 2687 1810 2731 communicatur
1837 2689 1892 2742 ei,
1926 2689 2004 2748 qui
2034 2689 2081 2733 in

112 2753 382 2815 &nitatem
419 2754 691 2799 assumitur:
717 2753 797 2798 sed
830 2754 886 2798 de
911 2753 1087 2798 ratione
1120 2767 1343 2814 personae
1377 2765 1458 2808 est,
1491 2754 1615 2814 quod
1641 2754 1698 2799 sit
1721 2755 2084 2800 incommunica-

104 2820 231 2878 bilis,
255 2832 306 2866 ut
328 2821 376 2865 in
411 2835 447 2866 1.
474 2831 601 2881 parte
634 2821 808 2865 dictum
840 2830 908 2865 est
941 2821 999 2880 (q.
1031 2836 1102 2880 29.
1141 2828 1223 2866 art.
1257 2822 1341 2880 r.),·
1382 2835 1493 2881 ergo
1520 2835 1744 2881 personae
1777 2823 1956 2868 divinae
1987 2837 2082 2868 non

115 2889 332 2935 convenit
352 2902 597 2944 assumere,
623 2888 746 2948 quod
774 2897 840 2933 est
867 2887 923 2932 ad
949 2901 997 2932 se
1023 2902 1219 2933 sumere.

33 2962 45 3008 ῥ
208 2970 245 3016 3.
271 2956 569 3001 PRAETEREA.
611 2955 815 3000 Persona
847 2955 1135 3000 constituitur
1161 2970 1241 3015 per
1266 2966 1501 3002 naturam:
1529 2957 1608 3001 sed
1640 2957 1967 3002 inconveniens
2001 2967 2082 3012 est,

37 3054 63 3088 4
113 3023 237 3084 quod
253 3023 550 3070 constitutum
568 3033 769 3067 assumat
786 3022 1086 3067 constituens:
1106 3023 1211 3082 quia
1230 3022 1417 3068 effectus
1435 3037 1529 3067 non
1547 3023 1641 3082 agit
1656 3024 1702 3068 in
1721 3038 1852 3068 suam
1871 3038 2081 3080 causam;

35 3146 60 3157 v
114 3099 226 3150 ergo
252 3103 473 3150 personae
497 3103 591 3134 non
619 3090 833 3134 convenit
865 3104 1097 3134 assumere
1122 3100 1347 3134 naturam.

176 3156 300 3202 ‘SED
319 3170 513 3203 CONTRA
525 3167 605 3211 est,
618 3157 741 3217 quod
756 3157 949 3216 August.
966 3157 1271 3215 (Fulgentius)
1291 3157 1400 3202 dicit
1418 3158 1473 3202 de
1487 3157 1595 3202 Fide
1607 3158 1661 3202 ad
1673 3158 1858 3202 Petrum
1870 3159 1984 3217 (cap.
1998 3172 2037 3203 2.
2036 3158 2081 3215 ).·

117 3238 145 3266 (ε
163 3223 395 3278 Formam,
417 3224 533 3269 idest
547 3234 758 3268 naturam
784 3224 903 3268 servi
922 3226 967 3268 in
994 3239 1124 3268 suam
1142 3225 1319 3283 accepit
1335 3225 1460 3268 Deus
1483 3224 1560 3268 ille
1583 3225 1779 3282 (scilicet
1801 3225 2080 3283 unigenitus)

106 3303 359 3350 ‚personam
377 3305 428 3334 »ε
455 3291 534 3336 sed
559 3292 686 3336 Deus
719 3291 978 3350 unigenitus
1006 3302 1074 3336 est
1098 3306 1319 3351 persona;
1346 3306 1457 3351 ergo
1481 3306 1703 3351 personae
1724 3291 1943 3351 competit
1971 3293 2086 3336 acci-

116 3371 222 3417 pere
246 3367 471 3411 naturam,
499 3358 621 3417 quod
648 3368 715 3402 est
741 3372 984 3403 assumere.

39 3466 61 3477 ,,.
203 3425 491 3470 RESPONDEO
518 3425 776 3480 dicendum,
802 3427 924 3486 quod
950 3427 996 3470 in
1023 3427 1162 3471 verbo
1191 3426 1512 3503 assumptionis
1545 3426 1624 3469 duo
1658 3426 1985 3483 importantur3
2019 3427 2083 3469 vi-

33 3503 55 3550 ᾗ
116 3490 280 3537 delicet
299 3493 561 3552 principium
583 3499 712 3546 actus,
751 3503 796 3537 et
821 3494 1049 3537 terminus:
1077 3493 1240 3536 dicitur
1266 3494 1389 3537 enim
1414 3506 1657 3544 assumere,
1686 3493 1811 3550 quasi
1847 3493 1903 3536 ad
1935 3506 1982 3537 se
2009 3508 2079 3537 su-

72 3570 267 3609 >r-mere:
293 3559 428 3618 hujus
454 3569 608 3604 autem
633 3559 906 3618 sumptionis
931 3573 1125 3618 persona
1152 3571 1219 3603 est
1246 3570 1291 3604 et
1316 3560 1602 3618 principium,
1626 3569 1670 3602 et
1695 3559 1938 3604 terminus:
1966 3561 2082 3619 prin-

52 3639 63 3659 1==
107 3625 286 3686 ⁴rupium
318 3625 520 3686 quidem,
551 3625 658 3684 quia
689 3639 912 3685 personae
951 3626 1132 3685 proprie
1174 3626 1394 3684 competit
1435 3639 1585 3684 agere,
1621 3625 1887 3685 hujusmodi
1925 3636 2081 3672 autem

301 3728 338 3763 S.
362 3728 516 3763 Tuomst
542 3727 673 3763 Smnma
705 3728 906 3774 Theologica.
933 3728 1014 3762 Vol.
1042 3728 1104 3762 lv.
1881 3740 1902 3772 4
