<?xml version="1.0" encoding="UTF-8"?>
<!DOCTYPE html PUBLIC "-//W3C//DTD XHTML 1.0 Transitional//EN"
    "http://www.w3.org/TR/xhtml1/DTD/xhtml1-transitional.dtd">
<html xmlns="http://www.w3.org/1999/xhtml" xml:lang="en" lang="en">
 <head>
  <title>
</title>
<meta http-equiv="Content-Type" content="text/html;charset=utf-8" />
  <meta name='ocr-system' content='tesseract 3.04.00' />
  <meta name='ocr-capabilities' content='ocr_page ocr_carea ocr_par ocr_line ocrx_word'/>
</head>
<body>
  <div class='ocr_page' id='page_1' title='image "./divithomaeaquina04thom_0315.png"; bbox 0 0 2352 3926; ppageno 0'>
   <div class='ocr_carea' id='block_1_1' title="bbox 0 0 78 174">
    <p class='ocr_par' dir='ltr' id='par_1_1' title="bbox 0 0 78 174">
     <span class='ocr_line' id='line_1_1' title="bbox 0 0 78 174; baseline 0 3752"><span class='ocrx_word' id='word_1_1' title='bbox 0 0 78 174; x_wconf 95' lang='lat' dir='ltr'> </span> 
     </span>
    </p>
   </div>
   <div class='ocr_carea' id='block_1_2' title="bbox 586 251 2040 309">
    <p class='ocr_par' dir='ltr' id='par_1_2' title="bbox 586 251 2040 309">
     <span class='ocr_line' id='line_1_2' title="bbox 586 251 2040 309; baseline 0.001 -17"><span class='ocrx_word' id='word_1_2' title='bbox 586 252 862 299; x_wconf 75' lang='lat' dir='ltr'>QUAEs&#39;rto</span> <span class='ocrx_word' id='word_1_3' title='bbox 900 253 1088 293; x_wconf 79' lang='lat' dir='ltr'>xxxvl.</span> <span class='ocrx_word' id='word_1_4' title='bbox 1129 251 1438 294; x_wconf 69' lang='lat' dir='ltr'>ARTICULUS</span> <span class='ocrx_word' id='word_1_5' title='bbox 1477 253 1550 292; x_wconf 80' lang='lat' dir='ltr'>vl.</span> <span class='ocrx_word' id='word_1_6' title='bbox 1939 254 1966 309; x_wconf 82' lang='lat'><em>3</em></span> <span class='ocrx_word' id='word_1_7' title='bbox 1983 254 2001 291; x_wconf 86' lang='lat'>1</span> <span class='ocrx_word' id='word_1_8' title='bbox 2020 254 2040 293; x_wconf 89' lang='lat'>1</span> 
     </span>
    </p>
   </div>
   <div class='ocr_carea' id='block_1_3' title="bbox 0 352 2049 1490">
    <p class='ocr_par' dir='ltr' id='par_1_3' title="bbox 82 352 2048 614">
     <span class='ocr_line' id='line_1_3' title="bbox 83 352 2048 414; baseline 0.001 -17"><span class='ocrx_word' id='word_1_9' title='bbox 83 352 362 414; x_wconf 72' lang='lat' dir='ltr'>quaerebant</span> <span class='ocrx_word' id='word_1_10' title='bbox 385 353 619 412; x_wconf 82' lang='lat' dir='ltr'>justitiam,</span> <span class='ocrx_word' id='word_1_11' title='bbox 639 353 838 412; x_wconf 86' lang='lat' dir='ltr'>Judaeos</span> <span class='ocrx_word' id='word_1_12' title='bbox 864 355 1173 399; x_wconf 87' lang='lat' dir='ltr'>communiter</span> <span class='ocrx_word' id='word_1_13' title='bbox 1203 354 1251 398; x_wconf 90' lang='lat' dir='ltr'>in</span> <span class='ocrx_word' id='word_1_14' title='bbox 1281 354 1452 414; x_wconf 88' lang='lat' dir='ltr'>justitia</span> <span class='ocrx_word' id='word_1_15' title='bbox 1482 353 1587 398; x_wconf 89' lang='lat' dir='ltr'>fidei</span> <span class='ocrx_word' id='word_1_16' title='bbox 1618 362 1971 413; x_wconf 77' lang='lat' dir='ltr'>praevenerunt:</span> <span class='ocrx_word' id='word_1_17' title='bbox 2004 363 2048 398; x_wconf 91' lang='lat' dir='ltr'>et</span> 
     </span>
     <span class='ocr_line' id='line_1_4' title="bbox 83 419 2048 480; baseline -0.001 -15"><span class='ocrx_word' id='word_1_18' title='bbox 83 421 131 466; x_wconf 87' lang='lat' dir='ltr'>in</span> <span class='ocrx_word' id='word_1_19' title='bbox 154 419 288 480; x_wconf 87' lang='lat' dir='ltr'>hujus</span> <span class='ocrx_word' id='word_1_20' title='bbox 314 419 506 480; x_wconf 87' lang='lat' dir='ltr'>figuram</span> <span class='ocrx_word' id='word_1_21' title='bbox 533 420 737 475; x_wconf 87' lang='lat' dir='ltr'>Simeon,</span> <span class='ocrx_word' id='word_1_22' title='bbox 764 422 842 480; x_wconf 91' lang='lat' dir='ltr'>qui</span> <span class='ocrx_word' id='word_1_23' title='bbox 868 421 1134 480; x_wconf 83' lang='lat' dir='ltr'>expectabat</span> <span class='ocrx_word' id='word_1_24' title='bbox 1160 420 1526 466; x_wconf 82' lang='lat' dir='ltr'>consolationem</span> <span class='ocrx_word' id='word_1_25' title='bbox 1553 419 1709 475; x_wconf 70' lang='lat' dir='ltr'>Israel,</span> <span class='ocrx_word' id='word_1_26' title='bbox 1730 419 1895 465; x_wconf 83' lang='lat' dir='ltr'>ultimo</span> <span class='ocrx_word' id='word_1_27' title='bbox 1913 420 2048 465; x_wconf 92' lang='lat' dir='ltr'>Chri-</span> 
     </span>
     <span class='ocr_line' id='line_1_5' title="bbox 83 487 2047 547; baseline 0 -16"><span class='ocrx_word' id='word_1_28' title='bbox 83 494 203 531; x_wconf 72' lang='lat' dir='ltr'>stum</span> <span class='ocrx_word' id='word_1_29' title='bbox 228 497 387 531; x_wconf 88' lang='lat' dir='ltr'>natum</span> <span class='ocrx_word' id='word_1_30' title='bbox 420 487 652 547; x_wconf 87' lang='lat' dir='ltr'>cognovit,</span> <span class='ocrx_word' id='word_1_31' title='bbox 680 496 724 532; x_wconf 89' lang='lat' dir='ltr'>et</span> <span class='ocrx_word' id='word_1_32' title='bbox 758 498 1102 546; x_wconf 89' lang='lat' dir='ltr'>praecesserunt</span> <span class='ocrx_word' id='word_1_33' title='bbox 1127 502 1231 531; x_wconf 91' lang='lat' dir='ltr'>eum</span> <span class='ocrx_word' id='word_1_34' title='bbox 1259 488 1399 547; x_wconf 87' lang='lat' dir='ltr'>Magi,</span> <span class='ocrx_word' id='word_1_35' title='bbox 1440 498 1484 532; x_wconf 90' lang='lat' dir='ltr'>et</span> <span class='ocrx_word' id='word_1_36' title='bbox 1517 498 1735 546; x_wconf 82' lang='lat' dir='ltr'>pastores,</span> <span class='ocrx_word' id='word_1_37' title='bbox 1772 487 1850 547; x_wconf 85' lang='lat' dir='ltr'>qui</span> <span class='ocrx_word' id='word_1_38' title='bbox 1877 487 2047 533; x_wconf 82' lang='lat' dir='ltr'>Christi</span> 
     </span>
     <span class='ocr_line' id='line_1_6' title="bbox 82 554 1112 614; baseline 0 -14"><span class='ocrx_word' id='word_1_39' title='bbox 82 555 364 600; x_wconf 64' lang='lat' dir='ltr'>nativitatem</span> <span class='ocrx_word' id='word_1_40' title='bbox 390 569 483 599; x_wconf 90' lang='lat' dir='ltr'>non</span> <span class='ocrx_word' id='word_1_41' title='bbox 510 555 571 600; x_wconf 87' lang='lat' dir='ltr'>ita</span> <span class='ocrx_word' id='word_1_42' title='bbox 597 554 774 599; x_wconf 83' lang='lat' dir='ltr'>solicite</span> <span class='ocrx_word' id='word_1_43' title='bbox 801 555 1112 614; x_wconf 84' lang='lat' dir='ltr'>expectabant.</span> 
     </span>
    </p>

    <p class='ocr_par' dir='ltr' id='par_1_4' title="bbox 81 620 2049 882">
     <span class='ocr_line' id='line_1_7' title="bbox 171 620 2049 681; baseline 0 -14"><span class='ocrx_word' id='word_1_44' title='bbox 171 621 248 667; x_wconf 86' lang='lat' dir='ltr'>AD</span> <span class='ocrx_word' id='word_1_45' title='bbox 275 635 535 667; x_wconf 73' lang='lat' dir='ltr'>SECUNDUM</span> <span class='ocrx_word' id='word_1_46' title='bbox 561 622 820 677; x_wconf 87' lang='lat' dir='ltr'>dicendum,</span> <span class='ocrx_word' id='word_1_47' title='bbox 859 622 981 681; x_wconf 92' lang='lat' dir='ltr'>quod</span> <span class='ocrx_word' id='word_1_48' title='bbox 1013 620 1119 665; x_wconf 91' lang='lat' dir='ltr'>licet</span> <span class='ocrx_word' id='word_1_49' title='bbox 1145 620 1380 680; x_wconf 86' lang='lat' dir='ltr'>plenitudo</span> <span class='ocrx_word' id='word_1_50' title='bbox 1409 622 1629 666; x_wconf 87' lang='lat' dir='ltr'>Gentium</span> <span class='ocrx_word' id='word_1_51' title='bbox 1661 622 1783 681; x_wconf 86' lang='lat' dir='ltr'>prius</span> <span class='ocrx_word' id='word_1_52' title='bbox 1813 621 2049 667; x_wconf 83' lang='lat' dir='ltr'>intraverit</span> 
     </span>
     <span class='ocr_line' id='line_1_8' title="bbox 83 688 2049 750; baseline 0.001 -17"><span class='ocrx_word' id='word_1_53' title='bbox 83 688 140 733; x_wconf 77' lang='lat' dir='ltr'>ad</span> <span class='ocrx_word' id='word_1_54' title='bbox 161 688 316 743; x_wconf 82' lang='lat' dir='ltr'>fidem,</span> <span class='ocrx_word' id='word_1_55' title='bbox 344 703 479 748; x_wconf 89' lang='lat' dir='ltr'>quam</span> <span class='ocrx_word' id='word_1_56' title='bbox 507 688 742 748; x_wconf 87' lang='lat' dir='ltr'>plenitudo</span> <span class='ocrx_word' id='word_1_57' title='bbox 777 689 1081 747; x_wconf 89' lang='lat' dir='ltr'>Judaeorum;</span> <span class='ocrx_word' id='word_1_58' title='bbox 1113 698 1269 732; x_wconf 91' lang='lat' dir='ltr'>tamen</span> <span class='ocrx_word' id='word_1_59' title='bbox 1302 689 1527 748; x_wconf 89' lang='lat' dir='ltr'>primitiae</span> <span class='ocrx_word' id='word_1_60' title='bbox 1556 689 1834 746; x_wconf 90' lang='lat' dir='ltr'>Judaeorum</span> <span class='ocrx_word' id='word_1_61' title='bbox 1867 703 2049 750; x_wconf 83' lang='lat' dir='ltr'>praeve-</span> 
     </span>
     <span class='ocr_line' id='line_1_9' title="bbox 81 755 2048 816; baseline 0.001 -16"><span class='ocrx_word' id='word_1_62' title='bbox 81 766 246 800; x_wconf 89' lang='lat' dir='ltr'>nerunt</span> <span class='ocrx_word' id='word_1_63' title='bbox 270 756 316 800; x_wconf 90' lang='lat' dir='ltr'>in</span> <span class='ocrx_word' id='word_1_64' title='bbox 342 755 430 801; x_wconf 90' lang='lat' dir='ltr'>fide</span> <span class='ocrx_word' id='word_1_65' title='bbox 457 756 686 816; x_wconf 70' lang='lat' dir='ltr'>primitias</span> <span class='ocrx_word' id='word_1_66' title='bbox 731 755 975 800; x_wconf 89' lang='lat' dir='ltr'>Gentium:</span> <span class='ocrx_word' id='word_1_67' title='bbox 1011 765 1054 800; x_wconf 91' lang='lat' dir='ltr'>et</span> <span class='ocrx_word' id='word_1_68' title='bbox 1085 755 1190 800; x_wconf 90' lang='lat' dir='ltr'>ideo</span> <span class='ocrx_word' id='word_1_69' title='bbox 1223 756 1479 815; x_wconf 88' lang='lat' dir='ltr'>pastoribus</span> <span class='ocrx_word' id='word_1_70' title='bbox 1505 758 1627 816; x_wconf 88' lang='lat' dir='ltr'>prius</span> <span class='ocrx_word' id='word_1_71' title='bbox 1660 756 1948 802; x_wconf 88' lang='lat' dir='ltr'>manifestata</span> <span class='ocrx_word' id='word_1_72' title='bbox 1981 766 2048 802; x_wconf 89' lang='lat' dir='ltr'>est</span> 
     </span>
     <span class='ocr_line' id='line_1_10' title="bbox 82 822 853 882; baseline -0.003 -14"><span class='ocrx_word' id='word_1_73' title='bbox 82 822 257 868; x_wconf 82' lang='lat' dir='ltr'>Christi</span> <span class='ocrx_word' id='word_1_74' title='bbox 279 824 504 878; x_wconf 86' lang='lat' dir='ltr'>nativitas,</span> <span class='ocrx_word' id='word_1_75' title='bbox 527 837 665 882; x_wconf 89' lang='lat' dir='ltr'>quam</span> <span class='ocrx_word' id='word_1_76' title='bbox 691 823 853 882; x_wconf 89' lang='lat' dir='ltr'>Magis.</span> 
     </span>
    </p>

    <p class='ocr_par' dir='ltr' id='par_1_5' title="bbox 77 889 2049 1153">
     <span class='ocr_line' id='line_1_11' title="bbox 171 889 2047 951; baseline 0.001 -16"><span class='ocrx_word' id='word_1_77' title='bbox 171 890 248 935; x_wconf 86' lang='lat' dir='ltr'>AD</span> <span class='ocrx_word' id='word_1_78' title='bbox 275 902 491 935; x_wconf 71' lang='lat' dir='ltr'>TERTIUM</span> <span class='ocrx_word' id='word_1_79' title='bbox 517 889 777 943; x_wconf 90' lang='lat' dir='ltr'>dicendum,</span> <span class='ocrx_word' id='word_1_80' title='bbox 804 890 926 949; x_wconf 91' lang='lat' dir='ltr'>quod</span> <span class='ocrx_word' id='word_1_81' title='bbox 953 890 1009 934; x_wconf 90' lang='lat' dir='ltr'>de</span> <span class='ocrx_word' id='word_1_82' title='bbox 1033 890 1313 950; x_wconf 87' lang='lat' dir='ltr'>apparitione</span> <span class='ocrx_word' id='word_1_83' title='bbox 1335 889 1508 944; x_wconf 90' lang='lat' dir='ltr'>stellae,</span> <span class='ocrx_word' id='word_1_84' title='bbox 1527 904 1642 949; x_wconf 91' lang='lat' dir='ltr'>quae</span> <span class='ocrx_word' id='word_1_85' title='bbox 1661 891 1867 950; x_wconf 89' lang='lat' dir='ltr'>apparuit</span> <span class='ocrx_word' id='word_1_86' title='bbox 1882 891 2047 951; x_wconf 81' lang='lat' dir='ltr'>Magi-s,</span> 
     </span>
     <span class='ocr_line' id='line_1_12' title="bbox 81 957 2046 1018; baseline 0.001 -16"><span class='ocrx_word' id='word_1_87' title='bbox 81 966 150 1002; x_wconf 80' lang='lat' dir='ltr'>est</span> <span class='ocrx_word' id='word_1_88' title='bbox 173 957 325 1017; x_wconf 77' lang='lat' dir='ltr'>duplex</span> <span class='ocrx_word' id='word_1_89' title='bbox 349 957 530 1017; x_wconf 87' lang='lat' dir='ltr'>opinio:</span> <span class='ocrx_word' id='word_1_90' title='bbox 558 957 797 1016; x_wconf 92' lang='lat' dir='ltr'>Chrysost.</span> <span class='ocrx_word' id='word_1_91' title='bbox 826 957 949 1001; x_wconf 87' lang='lat' dir='ltr'>enim</span> <span class='ocrx_word' id='word_1_92' title='bbox 971 972 1106 1017; x_wconf 89' lang='lat' dir='ltr'>super</span> <span class='ocrx_word' id='word_1_93' title='bbox 1126 957 1288 1001; x_wconf 86' lang='lat' dir='ltr'>Matth.</span> <span class='ocrx_word' id='word_1_94' title='bbox 1310 957 1439 1014; x_wconf 88' lang='lat' dir='ltr'>(hom.</span> <span class='ocrx_word' id='word_1_95' title='bbox 1459 972 1497 1002; x_wconf 89' lang='lat'>2.</span> <span class='ocrx_word' id='word_1_96' title='bbox 1515 959 1561 1001; x_wconf 84' lang='lat' dir='ltr'>in</span> <span class='ocrx_word' id='word_1_97' title='bbox 1577 966 1641 1017; x_wconf 87' lang='lat' dir='ltr'>op.</span> <span class='ocrx_word' id='word_1_98' title='bbox 1659 959 1824 1017; x_wconf 81' lang='lat' dir='ltr'>imperf.</span> <span class='ocrx_word' id='word_1_99' title='bbox 1844 959 2046 1018; x_wconf 87' lang='lat' dir='ltr'>aliquant.</span> 
     </span>
     <span class='ocr_line' id='line_1_13' title="bbox 81 1024 2049 1085; baseline 0.001 -16"><span class='ocrx_word' id='word_1_100' title='bbox 81 1038 109 1069; x_wconf 86' lang='lat' dir='ltr'>a</span> <span class='ocrx_word' id='word_1_101' title='bbox 126 1024 293 1084; x_wconf 83' lang='lat' dir='ltr'>princ.)</span> <span class='ocrx_word' id='word_1_102' title='bbox 320 1033 363 1069; x_wconf 88' lang='lat' dir='ltr'>et</span> <span class='ocrx_word' id='word_1_103' title='bbox 390 1024 585 1083; x_wconf 86' lang='lat' dir='ltr'>August.</span> <span class='ocrx_word' id='word_1_104' title='bbox 612 1025 658 1068; x_wconf 88' lang='lat' dir='ltr'>in</span> <span class='ocrx_word' id='word_1_105' title='bbox 686 1039 820 1068; x_wconf 89' lang='lat' dir='ltr'>serm.</span> <span class='ocrx_word' id='word_1_106' title='bbox 849 1024 1071 1084; x_wconf 88' lang='lat' dir='ltr'>Epiphan.</span> <span class='ocrx_word' id='word_1_107' title='bbox 1100 1025 1194 1083; x_wconf 86' lang='lat' dir='ltr'>(qui</span> <span class='ocrx_word' id='word_1_108' title='bbox 1218 1031 1275 1070; x_wconf 80' lang='lat' dir='ltr'>est</span> <span class='ocrx_word' id='word_1_109' title='bbox 1290 1039 1346 1084; x_wconf 86' lang='lat'>35.</span> <span class='ocrx_word' id='word_1_110' title='bbox 1376 1024 1421 1068; x_wconf 73' lang='lat' dir='ltr'>de</span> <span class='ocrx_word' id='word_1_111' title='bbox 1457 1025 1596 1083; x_wconf 75' lang='lat' dir='ltr'>Tem-p.</span> <span class='ocrx_word' id='word_1_112' title='bbox 1618 1033 1776 1084; x_wconf 82' lang='lat' dir='ltr'>parum</span> <span class='ocrx_word' id='word_1_113' title='bbox 1803 1040 1828 1069; x_wconf 90' lang='lat' dir='ltr'>a</span> <span class='ocrx_word' id='word_1_114' title='bbox 1850 1028 1989 1085; x_wconf 82' lang='lat' dir='ltr'>princ.</span> <span class='ocrx_word' id='word_1_115' title='bbox 2012 1032 2049 1071; x_wconf 77' lang='lat' dir='ltr'>et</span> 
     </span>
     <span class='ocr_line' id='line_1_14' title="bbox 77 1091 2049 1153; baseline 0.001 -17"><span class='ocrx_word' id='word_1_116' title='bbox 77 1097 200 1137; x_wconf 62' lang='lat' dir='ltr'>surm.</span> <span class='ocrx_word' id='word_1_117' title='bbox 225 1107 260 1137; x_wconf 79' lang='lat' dir='ltr'>r.</span> <span class='ocrx_word' id='word_1_118' title='bbox 283 1093 393 1138; x_wconf 78' lang='lat' dir='ltr'>inter</span> <span class='ocrx_word' id='word_1_119' title='bbox 415 1107 495 1147; x_wconf 77' lang='lat' dir='ltr'>eos,</span> <span class='ocrx_word' id='word_1_120' title='bbox 522 1095 595 1151; x_wconf 86' lang='lat' dir='ltr'>qui</span> <span class='ocrx_word' id='word_1_121' title='bbox 620 1106 645 1136; x_wconf 90' lang='lat' dir='ltr'>a</span> <span class='ocrx_word' id='word_1_122' title='bbox 672 1093 935 1137; x_wconf 80' lang='lat' dir='ltr'>Parisiensib.</span> <span class='ocrx_word' id='word_1_123' title='bbox 962 1092 1095 1136; x_wconf 80' lang='lat' dir='ltr'>additi</span> <span class='ocrx_word' id='word_1_124' title='bbox 1119 1093 1230 1150; x_wconf 83' lang='lat' dir='ltr'>sunt)</span> <span class='ocrx_word' id='word_1_125' title='bbox 1275 1092 1447 1146; x_wconf 82' lang='lat' dir='ltr'>dicunt,</span> <span class='ocrx_word' id='word_1_126' title='bbox 1478 1091 1601 1151; x_wconf 93' lang='lat' dir='ltr'>quod</span> <span class='ocrx_word' id='word_1_127' title='bbox 1635 1092 1766 1136; x_wconf 89' lang='lat' dir='ltr'>stella</span> <span class='ocrx_word' id='word_1_128' title='bbox 1797 1093 1946 1151; x_wconf 90' lang='lat' dir='ltr'>Magis</span> <span class='ocrx_word' id='word_1_129' title='bbox 1976 1107 2049 1153; x_wconf 89' lang='lat' dir='ltr'>ap-</span> 
     </span>
    </p>

    <p class='ocr_par' dir='ltr' id='par_1_6' title="bbox 0 1159 2049 1490">
     <span class='ocr_line' id='line_1_15' title="bbox 39 1159 2046 1219; baseline 0.001 -16"><span class='ocrx_word' id='word_1_130' title='bbox 39 1204 44 1214; x_wconf 46' lang='lat'><strong>·</strong></span> <span class='ocrx_word' id='word_1_131' title='bbox 78 1159 227 1218; x_wconf 71' lang='lat' dir='ltr'>paruit</span> <span class='ocrx_word' id='word_1_132' title='bbox 250 1173 331 1219; x_wconf 91' lang='lat' dir='ltr'>per</span> <span class='ocrx_word' id='word_1_133' title='bbox 355 1160 589 1204; x_wconf 88' lang='lat' dir='ltr'>biennium</span> <span class='ocrx_word' id='word_1_134' title='bbox 617 1170 720 1204; x_wconf 89' lang='lat' dir='ltr'>ante</span> <span class='ocrx_word' id='word_1_135' title='bbox 749 1159 919 1204; x_wconf 86' lang='lat' dir='ltr'>Christi</span> <span class='ocrx_word' id='word_1_136' title='bbox 946 1160 1255 1204; x_wconf 87' lang='lat' dir='ltr'>nativitatem:</span> <span class='ocrx_word' id='word_1_137' title='bbox 1290 1169 1335 1203; x_wconf 92' lang='lat' dir='ltr'>et</span> <span class='ocrx_word' id='word_1_138' title='bbox 1363 1169 1472 1203; x_wconf 91' lang='lat' dir='ltr'>tunc</span> <span class='ocrx_word' id='word_1_139' title='bbox 1506 1160 1901 1219; x_wconf 89' lang='lat' dir='ltr'>praemeditantes,</span> <span class='ocrx_word' id='word_1_140' title='bbox 1929 1171 1974 1205; x_wconf 90' lang='lat' dir='ltr'>et</span> <span class='ocrx_word' id='word_1_141' title='bbox 1998 1175 2046 1205; x_wconf 92' lang='lat' dir='ltr'>se</span> 
     </span>
     <span class='ocr_line' id='line_1_16' title="bbox 0 1225 2049 1287; baseline 0 -15"><span class='ocrx_word' id='word_1_142' title='bbox 0 1258 5 1262; x_wconf 61' lang='lat'><em>‹</em></span> <span class='ocrx_word' id='word_1_143' title='bbox 78 1225 136 1272; x_wconf 77' lang='lat' dir='ltr'>ad</span> <span class='ocrx_word' id='word_1_144' title='bbox 161 1227 246 1272; x_wconf 82' lang='lat' dir='ltr'>iter</span> <span class='ocrx_word' id='word_1_145' title='bbox 269 1238 603 1287; x_wconf 82' lang='lat' dir='ltr'>praeparantes,</span> <span class='ocrx_word' id='word_1_146' title='bbox 631 1242 656 1272; x_wconf 88' lang='lat' dir='ltr'>a</span> <span class='ocrx_word' id='word_1_147' title='bbox 682 1227 1000 1272; x_wconf 83' lang='lat' dir='ltr'>remotissimis</span> <span class='ocrx_word' id='word_1_148' title='bbox 1037 1228 1236 1287; x_wconf 88' lang='lat' dir='ltr'>partibus</span> <span class='ocrx_word' id='word_1_149' title='bbox 1272 1227 1475 1273; x_wconf 84' lang='lat' dir='ltr'>Orientis</span> <span class='ocrx_word' id='word_1_150' title='bbox 1502 1238 1809 1287; x_wconf 89' lang='lat' dir='ltr'>pervenerunt</span> <span class='ocrx_word' id='word_1_151' title='bbox 1835 1228 1890 1272; x_wconf 90' lang='lat' dir='ltr'>ad</span> <span class='ocrx_word' id='word_1_152' title='bbox 1918 1228 2049 1273; x_wconf 90' lang='lat' dir='ltr'>Chri-</span> 
     </span>
     <span class='ocr_line' id='line_1_17' title="bbox 73 1294 2047 1355; baseline 0.001 -16"><span class='ocrx_word' id='word_1_153' title='bbox 73 1304 200 1340; x_wconf 86' lang='lat' dir='ltr'>stum</span> <span class='ocrx_word' id='word_1_154' title='bbox 222 1295 536 1340; x_wconf 86' lang='lat' dir='ltr'>tertiadecima</span> <span class='ocrx_word' id='word_1_155' title='bbox 561 1295 633 1340; x_wconf 89' lang='lat' dir='ltr'>die</span> <span class='ocrx_word' id='word_1_156' title='bbox 659 1310 685 1340; x_wconf 88' lang='lat' dir='ltr'>a</span> <span class='ocrx_word' id='word_1_157' title='bbox 706 1309 788 1340; x_wconf 88' lang='lat' dir='ltr'>sua</span> <span class='ocrx_word' id='word_1_158' title='bbox 812 1295 1071 1341; x_wconf 85' lang='lat' dir='ltr'>nati-vitate:</span> <span class='ocrx_word' id='word_1_159' title='bbox 1090 1295 1209 1339; x_wconf 90' lang='lat' dir='ltr'>unde</span> <span class='ocrx_word' id='word_1_160' title='bbox 1229 1305 1272 1340; x_wconf 90' lang='lat' dir='ltr'>et</span> <span class='ocrx_word' id='word_1_161' title='bbox 1289 1294 1497 1340; x_wconf 85' lang='lat' dir='ltr'>Herodes</span> <span class='ocrx_word' id='word_1_162' title='bbox 1520 1295 1673 1339; x_wconf 90' lang='lat' dir='ltr'>statim</span> <span class='ocrx_word' id='word_1_163' title='bbox 1695 1305 1799 1355; x_wconf 90' lang='lat' dir='ltr'>post</span> <span class='ocrx_word' id='word_1_164' title='bbox 1813 1310 2047 1340; x_wconf 86' lang='lat' dir='ltr'>recessum</span> 
     </span>
     <span class='ocr_line' id='line_1_18' title="bbox 78 1360 2048 1422; baseline 0.001 -16"><span class='ocrx_word' id='word_1_165' title='bbox 78 1360 324 1422; x_wconf 79' lang='lat' dir='ltr'>Magorum</span> <span class='ocrx_word' id='word_1_166' title='bbox 343 1362 503 1407; x_wconf 86' lang='lat' dir='ltr'>videns</span> <span class='ocrx_word' id='word_1_167' title='bbox 531 1377 579 1408; x_wconf 92' lang='lat' dir='ltr'>se</span> <span class='ocrx_word' id='word_1_168' title='bbox 606 1362 660 1406; x_wconf 91' lang='lat' dir='ltr'>ab</span> <span class='ocrx_word' id='word_1_169' title='bbox 684 1363 748 1407; x_wconf 89' lang='lat' dir='ltr'>eis</span> <span class='ocrx_word' id='word_1_170' title='bbox 770 1361 971 1417; x_wconf 90' lang='lat' dir='ltr'>illusum,</span> <span class='ocrx_word' id='word_1_171' title='bbox 989 1362 1224 1406; x_wconf 89' lang='lat' dir='ltr'>mandavit</span> <span class='ocrx_word' id='word_1_172' title='bbox 1245 1363 1393 1407; x_wconf 89' lang='lat' dir='ltr'>occidi</span> <span class='ocrx_word' id='word_1_173' title='bbox 1410 1376 1577 1422; x_wconf 89' lang='lat' dir='ltr'>pueros</span> <span class='ocrx_word' id='word_1_174' title='bbox 1600 1376 1626 1406; x_wconf 90' lang='lat' dir='ltr'>a</span> <span class='ocrx_word' id='word_1_175' title='bbox 1641 1362 1831 1417; x_wconf 85' lang='lat' dir='ltr'>bimatu,</span> <span class='ocrx_word' id='word_1_176' title='bbox 1855 1372 1900 1407; x_wconf 89' lang='lat' dir='ltr'>et</span> <span class='ocrx_word' id='word_1_177' title='bbox 1915 1362 2048 1418; x_wconf 84' lang='lat' dir='ltr'>infra,</span> 
     </span>
     <span class='ocr_line' id='line_1_19' title="bbox 77 1429 2046 1490; baseline 0 -15.962"><span class='ocrx_word' id='word_1_178' title='bbox 77 1429 287 1475; x_wconf 86' lang='lat' dir='ltr'>dubitans</span> <span class='ocrx_word' id='word_1_179' title='bbox 312 1444 371 1474; x_wconf 91' lang='lat' dir='ltr'>ne</span> <span class='ocrx_word' id='word_1_180' title='bbox 395 1440 504 1476; x_wconf 86' lang='lat' dir='ltr'>tunc</span> <span class='ocrx_word' id='word_1_181' title='bbox 532 1430 742 1475; x_wconf 89' lang='lat' dir='ltr'>Christus</span> <span class='ocrx_word' id='word_1_182' title='bbox 759 1441 890 1475; x_wconf 90' lang='lat' dir='ltr'>natus</span> <span class='ocrx_word' id='word_1_183' title='bbox 910 1439 1043 1485; x_wconf 86' lang='lat' dir='ltr'>esset,</span> <span class='ocrx_word' id='word_1_184' title='bbox 1062 1430 1246 1490; x_wconf 87' lang='lat' dir='ltr'>quando</span> <span class='ocrx_word' id='word_1_185' title='bbox 1266 1429 1396 1475; x_wconf 88' lang='lat' dir='ltr'>stella</span> <span class='ocrx_word' id='word_1_186' title='bbox 1413 1430 1634 1489; x_wconf 88' lang='lat' dir='ltr'>apparuit,</span> <span class='ocrx_word' id='word_1_187' title='bbox 1653 1429 1904 1475; x_wconf 89' lang='lat' dir='ltr'>secundum</span> <span class='ocrx_word' id='word_1_188' title='bbox 1923 1430 2046 1490; x_wconf 92' lang='lat' dir='ltr'>quod</span> 
     </span>
    </p>
   </div>
   <div class='ocr_carea' id='block_1_4' title="bbox 0 1496 2046 1557">
    <p class='ocr_par' dir='ltr' id='par_1_7' title="bbox 0 1496 2046 1557">
     <span class='ocr_line' id='line_1_20' title="bbox 0 1496 2046 1557; baseline 0.001 -16"><span class='ocrx_word' id='word_1_189' title='bbox 0 1498 9 1546; x_wconf 69' lang='lat' dir='ltr'>J</span> <span class='ocrx_word' id='word_1_190' title='bbox 79 1510 107 1541; x_wconf 89' lang='lat' dir='ltr'>a</span> <span class='ocrx_word' id='word_1_191' title='bbox 130 1496 280 1556; x_wconf 87' lang='lat' dir='ltr'>Magis</span> <span class='ocrx_word' id='word_1_192' title='bbox 307 1498 534 1543; x_wconf 85' lang='lat' dir='ltr'>audierat:</span> <span class='ocrx_word' id='word_1_193' title='bbox 562 1497 639 1541; x_wconf 91' lang='lat' dir='ltr'>alii</span> <span class='ocrx_word' id='word_1_194' title='bbox 662 1511 773 1542; x_wconf 89' lang='lat' dir='ltr'>vero</span> <span class='ocrx_word' id='word_1_195' title='bbox 801 1497 970 1551; x_wconf 90' lang='lat' dir='ltr'>dicunt,</span> <span class='ocrx_word' id='word_1_196' title='bbox 997 1497 1179 1542; x_wconf 89' lang='lat' dir='ltr'>stellam</span> <span class='ocrx_word' id='word_1_197' title='bbox 1206 1497 1469 1556; x_wconf 88' lang='lat' dir='ltr'>apparuisse</span> <span class='ocrx_word' id='word_1_198' title='bbox 1495 1497 1661 1557; x_wconf 90' lang='lat' dir='ltr'>primo,</span> <span class='ocrx_word' id='word_1_199' title='bbox 1694 1511 1801 1541; x_wconf 89' lang='lat' dir='ltr'>cum</span> <span class='ocrx_word' id='word_1_200' title='bbox 1836 1497 2046 1543; x_wconf 83' lang='lat' dir='ltr'>Christus</span> 
     </span>
    </p>
   </div>
   <div class='ocr_carea' id='block_1_5' title="bbox 0 1564 2050 1825">
    <p class='ocr_par' dir='ltr' id='par_1_8' title="bbox 0 1564 2050 1825">
     <span class='ocr_line' id='line_1_21' title="bbox 76 1564 2050 1624; baseline 0.001 -16"><span class='ocrx_word' id='word_1_201' title='bbox 76 1574 209 1609; x_wconf 87' lang='lat' dir='ltr'>natus</span> <span class='ocrx_word' id='word_1_202' title='bbox 237 1574 329 1619; x_wconf 88' lang='lat' dir='ltr'>est;</span> <span class='ocrx_word' id='word_1_203' title='bbox 356 1574 401 1609; x_wconf 88' lang='lat' dir='ltr'>et</span> <span class='ocrx_word' id='word_1_204' title='bbox 426 1564 578 1609; x_wconf 89' lang='lat' dir='ltr'>statim</span> <span class='ocrx_word' id='word_1_205' title='bbox 604 1565 745 1623; x_wconf 88' lang='lat' dir='ltr'>Magi,</span> <span class='ocrx_word' id='word_1_206' title='bbox 770 1566 867 1609; x_wconf 83' lang='lat' dir='ltr'>visa</span> <span class='ocrx_word' id='word_1_207' title='bbox 890 1564 1035 1618; x_wconf 91' lang='lat' dir='ltr'>stella,</span> <span class='ocrx_word' id='word_1_208' title='bbox 1058 1565 1142 1608; x_wconf 90' lang='lat' dir='ltr'>iter</span> <span class='ocrx_word' id='word_1_209' title='bbox 1165 1565 1428 1624; x_wconf 88' lang='lat' dir='ltr'>arripientes</span> <span class='ocrx_word' id='word_1_210' title='bbox 1450 1564 1772 1622; x_wconf 89' lang='lat' dir='ltr'>longissimum</span> <span class='ocrx_word' id='word_1_211' title='bbox 1795 1564 1882 1609; x_wconf 88' lang='lat' dir='ltr'>iter</span> <span class='ocrx_word' id='word_1_212' title='bbox 1900 1565 1949 1610; x_wconf 89' lang='lat' dir='ltr'>in</span> <span class='ocrx_word' id='word_1_213' title='bbox 1964 1575 2050 1610; x_wconf 90' lang='lat' dir='ltr'>tre-</span> 
     </span>
     <span class='ocr_line' id='line_1_22' title="bbox 77 1631 2048 1691; baseline 0.001 -16"><span class='ocrx_word' id='word_1_214' title='bbox 77 1631 228 1677; x_wconf 88' lang='lat' dir='ltr'>decim</span> <span class='ocrx_word' id='word_1_215' title='bbox 254 1632 411 1676; x_wconf 90' lang='lat' dir='ltr'>diebus</span> <span class='ocrx_word' id='word_1_216' title='bbox 437 1642 721 1691; x_wconf 89' lang='lat' dir='ltr'>peregerunt,</span> <span class='ocrx_word' id='word_1_217' title='bbox 748 1632 912 1691; x_wconf 87' lang='lat' dir='ltr'>partim</span> <span class='ocrx_word' id='word_1_218' title='bbox 940 1631 1126 1691; x_wconf 90' lang='lat' dir='ltr'>quidem</span> <span class='ocrx_word' id='word_1_219' title='bbox 1153 1631 1295 1691; x_wconf 87' lang='lat' dir='ltr'>adjuti</span> <span class='ocrx_word' id='word_1_220' title='bbox 1317 1631 1470 1675; x_wconf 88' lang='lat' dir='ltr'>divina</span> <span class='ocrx_word' id='word_1_221' title='bbox 1494 1631 1674 1685; x_wconf 88' lang='lat' dir='ltr'>virtute,</span> <span class='ocrx_word' id='word_1_222' title='bbox 1701 1631 1866 1690; x_wconf 89' lang='lat' dir='ltr'>partim</span> <span class='ocrx_word' id='word_1_223' title='bbox 1894 1642 2048 1677; x_wconf 87' lang='lat' dir='ltr'>autem</span> 
     </span>
     <span class='ocr_line' id='line_1_23' title="bbox 0 1693 2046 1758; baseline 0.001 -16"><span class='ocrx_word' id='word_1_224' title='bbox 0 1693 1 1697; x_wconf 33' lang='lat'>¹</span> <span class='ocrx_word' id='word_1_225' title='bbox 78 1698 476 1743; x_wconf 87' lang='lat' dir='ltr'>dromedariorum</span> <span class='ocrx_word' id='word_1_226' title='bbox 506 1699 772 1743; x_wconf 88' lang='lat' dir='ltr'>velocitate:</span> <span class='ocrx_word' id='word_1_227' title='bbox 812 1709 856 1743; x_wconf 91' lang='lat' dir='ltr'>et</span> <span class='ocrx_word' id='word_1_228' title='bbox 891 1699 982 1743; x_wconf 91' lang='lat' dir='ltr'>hoc</span> <span class='ocrx_word' id='word_1_229' title='bbox 1020 1699 1140 1753; x_wconf 87' lang='lat' dir='ltr'>dico,</span> <span class='ocrx_word' id='word_1_230' title='bbox 1177 1699 1214 1743; x_wconf 90' lang='lat' dir='ltr'>si</span> <span class='ocrx_word' id='word_1_231' title='bbox 1250 1708 1473 1743; x_wconf 86' lang='lat' dir='ltr'>venerunt</span> <span class='ocrx_word' id='word_1_232' title='bbox 1509 1712 1562 1742; x_wconf 85' lang='lat' dir='ltr'>ex</span> <span class='ocrx_word' id='word_1_233' title='bbox 1605 1699 1817 1743; x_wconf 86' lang='lat' dir='ltr'>extremis</span> <span class='ocrx_word' id='word_1_234' title='bbox 1844 1699 2046 1758; x_wconf 87' lang='lat' dir='ltr'>partibus</span> 
     </span>
     <span class='ocr_line' id='line_1_24' title="bbox 80 1765 2048 1825; baseline 0.001 -15"><span class='ocrx_word' id='word_1_235' title='bbox 80 1765 304 1811; x_wconf 88' lang='lat' dir='ltr'>Orientis:</span> <span class='ocrx_word' id='word_1_236' title='bbox 347 1766 532 1825; x_wconf 89' lang='lat' dir='ltr'>quidam</span> <span class='ocrx_word' id='word_1_237' title='bbox 568 1775 723 1810; x_wconf 86' lang='lat' dir='ltr'>tamen</span> <span class='ocrx_word' id='word_1_238' title='bbox 761 1766 930 1819; x_wconf 88' lang='lat' dir='ltr'>dicunt,</span> <span class='ocrx_word' id='word_1_239' title='bbox 967 1767 1047 1810; x_wconf 80' lang='lat' dir='ltr'>eos</span> <span class='ocrx_word' id='word_1_240' title='bbox 1079 1766 1258 1810; x_wconf 90' lang='lat' dir='ltr'>venisse</span> <span class='ocrx_word' id='word_1_241' title='bbox 1297 1766 1351 1809; x_wconf 91' lang='lat' dir='ltr'>de</span> <span class='ocrx_word' id='word_1_242' title='bbox 1394 1766 1583 1823; x_wconf 88' lang='lat' dir='ltr'>regione</span> <span class='ocrx_word' id='word_1_243' title='bbox 1621 1767 1890 1824; x_wconf 88' lang='lat' dir='ltr'>propinqua,</span> <span class='ocrx_word' id='word_1_244' title='bbox 1927 1767 2048 1812; x_wconf 88' lang='lat' dir='ltr'>unde</span> 
     </span>
    </p>
   </div>
   <div class='ocr_carea' id='block_1_6' title="bbox 0 1831 2049 1959">
    <p class='ocr_par' dir='ltr' id='par_1_9' title="bbox 0 1831 2049 1959">
     <span class='ocr_line' id='line_1_25' title="bbox 0 1831 2048 1891; baseline 0.001 -15"><span class='ocrx_word' id='word_1_245' title='bbox 0 1849 3 1852; x_wconf 63' lang='grc'>’</span> <span class='ocrx_word' id='word_1_246' title='bbox 76 1831 224 1877; x_wconf 81' lang='lat' dir='ltr'>fuerat</span> <span class='ocrx_word' id='word_1_247' title='bbox 249 1832 453 1887; x_wconf 86' lang='lat' dir='ltr'>Balaam,</span> <span class='ocrx_word' id='word_1_248' title='bbox 475 1834 602 1891; x_wconf 84' lang='lat' dir='ltr'>cujus</span> <span class='ocrx_word' id='word_1_249' title='bbox 626 1833 858 1878; x_wconf 89' lang='lat' dir='ltr'>doctrinae</span> <span class='ocrx_word' id='word_1_250' title='bbox 881 1843 1126 1878; x_wconf 88' lang='lat' dir='ltr'>sectatores</span> <span class='ocrx_word' id='word_1_251' title='bbox 1149 1832 1354 1877; x_wconf 87' lang='lat' dir='ltr'>fuerunt:</span> <span class='ocrx_word' id='word_1_252' title='bbox 1373 1833 1583 1876; x_wconf 90' lang='lat' dir='ltr'>dicuntur</span> <span class='ocrx_word' id='word_1_253' title='bbox 1601 1843 1752 1876; x_wconf 88' lang='lat' dir='ltr'>autem</span> <span class='ocrx_word' id='word_1_254' title='bbox 1774 1833 1827 1876; x_wconf 89' lang='lat' dir='ltr'>ab</span> <span class='ocrx_word' id='word_1_255' title='bbox 1858 1833 2048 1878; x_wconf 89' lang='lat' dir='ltr'>Oriente</span> 
     </span>
     <span class='ocr_line' id='line_1_26' title="bbox 0 1899 2049 1959; baseline 0 -15"><span class='ocrx_word' id='word_1_256' title='bbox 0 1913 3 1951; x_wconf 81' lang='grc' dir='ltr'><strong><em>ζ</em></strong></span> <span class='ocrx_word' id='word_1_257' title='bbox 76 1899 270 1954; x_wconf 84' lang='lat' dir='ltr'>venisse,</span> <span class='ocrx_word' id='word_1_258' title='bbox 296 1901 401 1959; x_wconf 89' lang='lat' dir='ltr'>quia</span> <span class='ocrx_word' id='word_1_259' title='bbox 427 1910 545 1943; x_wconf 89' lang='lat' dir='ltr'>terra</span> <span class='ocrx_word' id='word_1_260' title='bbox 570 1899 648 1943; x_wconf 89' lang='lat' dir='ltr'>illa</span> <span class='ocrx_word' id='word_1_261' title='bbox 676 1910 744 1944; x_wconf 89' lang='lat' dir='ltr'>est</span> <span class='ocrx_word' id='word_1_262' title='bbox 771 1900 1123 1944; x_wconf 82' lang='lat' dir='ltr'>ad-orientalem</span> <span class='ocrx_word' id='word_1_263' title='bbox 1152 1909 1328 1959; x_wconf 89' lang='lat' dir='ltr'>partem</span> <span class='ocrx_word' id='word_1_264' title='bbox 1350 1909 1496 1943; x_wconf 87' lang='lat' dir='ltr'>terrae</span> <span class='ocrx_word' id='word_1_265' title='bbox 1508 1900 1812 1957; x_wconf 88' lang='lat' dir='ltr'>Judaeorum;</span> <span class='ocrx_word' id='word_1_266' title='bbox 1831 1910 1874 1944; x_wconf 89' lang='lat' dir='ltr'>et</span> <span class='ocrx_word' id='word_1_267' title='bbox 1891 1915 2049 1945; x_wconf 90' lang='lat' dir='ltr'>secun-</span> 
     </span>
    </p>
   </div>
   <div class='ocr_carea' id='block_1_7' title="bbox 0 1956 2047 2025">
    <p class='ocr_par' dir='ltr' id='par_1_10' title="bbox 0 1956 2047 2025">
     <span class='ocr_line' id='line_1_27' title="bbox 0 1956 2047 2025; baseline 0.001 -15"><span class='ocrx_word' id='word_1_268' title='bbox 0 1956 10 2016; x_wconf 63' lang='grc' dir='ltr'>ξ</span> <span class='ocrx_word' id='word_1_269' title='bbox 77 1966 187 2011; x_wconf 88' lang='lat' dir='ltr'>dum</span> <span class='ocrx_word' id='word_1_270' title='bbox 212 1967 304 2011; x_wconf 93' lang='lat' dir='ltr'>hoc</span> <span class='ocrx_word' id='word_1_271' title='bbox 330 1967 535 2011; x_wconf 90' lang='lat' dir='ltr'>Herodes</span> <span class='ocrx_word' id='word_1_272' title='bbox 563 1981 656 2011; x_wconf 93' lang='lat' dir='ltr'>non</span> <span class='ocrx_word' id='word_1_273' title='bbox 683 1969 833 2011; x_wconf 84' lang='lat' dir='ltr'>statim</span> <span class='ocrx_word' id='word_1_274' title='bbox 862 1967 1176 2012; x_wconf 85' lang='lat' dir='ltr'>recedentibus</span> <span class='ocrx_word' id='word_1_275' title='bbox 1202 1967 1366 2025; x_wconf 90' lang='lat' dir='ltr'>Magis,</span> <span class='ocrx_word' id='word_1_276' title='bbox 1389 1967 1468 2010; x_wconf 89' lang='lat' dir='ltr'>sed</span> <span class='ocrx_word' id='word_1_277' title='bbox 1495 1977 1599 2024; x_wconf 90' lang='lat' dir='ltr'>post</span> <span class='ocrx_word' id='word_1_278' title='bbox 1618 1966 1853 2010; x_wconf 90' lang='lat' dir='ltr'>biennium</span> <span class='ocrx_word' id='word_1_279' title='bbox 1880 1981 2047 2025; x_wconf 84' lang='lat' dir='ltr'>pueros</span> 
     </span>
    </p>
   </div>
   <div class='ocr_carea' id='block_1_8' title="bbox 75 2032 2047 2160">
    <p class='ocr_par' dir='ltr' id='par_1_11' title="bbox 0 2032 2047 2160">
     <span class='ocr_line' id='line_1_28' title="bbox 75 2032 2047 2093; baseline 0.001 -15.927"><span class='ocrx_word' id='word_1_280' title='bbox 75 2032 319 2079; x_wconf 76' lang='lat' dir='ltr'>interfecit:</span> <span class='ocrx_word' id='word_1_281' title='bbox 352 2032 426 2077; x_wconf 89' lang='lat' dir='ltr'>vel</span> <span class='ocrx_word' id='word_1_282' title='bbox 457 2034 563 2092; x_wconf 87' lang='lat' dir='ltr'>quia</span> <span class='ocrx_word' id='word_1_283' title='bbox 589 2034 750 2078; x_wconf 87' lang='lat' dir='ltr'>dicitur</span> <span class='ocrx_word' id='word_1_284' title='bbox 781 2034 962 2078; x_wconf 89' lang='lat' dir='ltr'>interim</span> <span class='ocrx_word' id='word_1_285' title='bbox 1002 2044 1239 2078; x_wconf 90' lang='lat' dir='ltr'>accusatus</span> <span class='ocrx_word' id='word_1_286' title='bbox 1280 2034 1481 2077; x_wconf 88' lang='lat' dir='ltr'>Romam</span> <span class='ocrx_word' id='word_1_287' title='bbox 1508 2034 1658 2087; x_wconf 88' lang='lat' dir='ltr'>ivisse,</span> <span class='ocrx_word' id='word_1_288' title='bbox 1683 2034 1757 2077; x_wconf 89' lang='lat' dir='ltr'>vel</span> <span class='ocrx_word' id='word_1_289' title='bbox 1790 2034 2047 2093; x_wconf 88' lang='lat' dir='ltr'>aliquorum</span> 
     </span>
     <span class='ocr_line' id='line_1_29' title="bbox 78 2099 2047 2160; baseline 0 -15"><span class='ocrx_word' id='word_1_290' title='bbox 78 2099 386 2160; x_wconf 73' lang='lat' dir='ltr'>periculorum</span> <span class='ocrx_word' id='word_1_291' title='bbox 422 2101 669 2145; x_wconf 89' lang='lat' dir='ltr'>terroribus</span> <span class='ocrx_word' id='word_1_292' title='bbox 711 2102 920 2160; x_wconf 84' lang='lat' dir='ltr'>agitatus,</span> <span class='ocrx_word' id='word_1_293' title='bbox 949 2116 973 2144; x_wconf 90' lang='lat' dir='ltr'>a</span> <span class='ocrx_word' id='word_1_294' title='bbox 1001 2115 1108 2144; x_wconf 87' lang='lat' dir='ltr'>cura</span> <span class='ocrx_word' id='word_1_295' title='bbox 1149 2100 1448 2144; x_wconf 87' lang='lat' dir='ltr'>interficiendi</span> <span class='ocrx_word' id='word_1_296' title='bbox 1477 2115 1668 2160; x_wconf 91' lang='lat' dir='ltr'>puerum</span> <span class='ocrx_word' id='word_1_297' title='bbox 1693 2101 1875 2144; x_wconf 85' lang='lat' dir='ltr'>interim</span> <span class='ocrx_word' id='word_1_298' title='bbox 1917 2102 2047 2146; x_wconf 88' lang='lat' dir='ltr'>desti-</span> 
     </span>
    </p>
   </div>
   <div class='ocr_carea' id='block_1_9' title="bbox 0 2165 2047 2635">
    <p class='ocr_par' dir='ltr' id='par_1_12' title="bbox 0 2162 2047 2635">
     <span class='ocr_line' id='line_1_30' title="bbox 0 2165 2044 2228; baseline 0 -15"><span class='ocrx_word' id='word_1_299' title='bbox 0 2185 10 2226; x_wconf 94' lang='lat'>3</span> <span class='ocrx_word' id='word_1_300' title='bbox 70 2165 292 2222; x_wconf 70' lang='lat' dir='ltr'>·tis⁸e;vel</span> <span class='ocrx_word' id='word_1_301' title='bbox 304 2168 410 2228; x_wconf 88' lang='lat' dir='ltr'>quia</span> <span class='ocrx_word' id='word_1_302' title='bbox 422 2168 570 2227; x_wconf 88' lang='lat' dir='ltr'>potuit</span> <span class='ocrx_word' id='word_1_303' title='bbox 582 2169 781 2223; x_wconf 90' lang='lat' dir='ltr'>credere,</span> <span class='ocrx_word' id='word_1_304' title='bbox 798 2169 995 2226; x_wconf 84' lang='lat' dir='ltr'>«Magos</span> <span class='ocrx_word' id='word_1_305' title='bbox 1006 2167 1182 2212; x_wconf 88' lang='lat' dir='ltr'>fallacis</span> <span class='ocrx_word' id='word_1_306' title='bbox 1195 2167 1355 2213; x_wconf 84' lang='lat' dir='ltr'>stellae</span> <span class='ocrx_word' id='word_1_307' title='bbox 1367 2168 1543 2211; x_wconf 88' lang='lat' dir='ltr'>visione</span> <span class='ocrx_word' id='word_1_308' title='bbox 1557 2169 1788 2228; x_wconf 85' lang='lat' dir='ltr'>deceptos,</span> <span class='ocrx_word' id='word_1_309' title='bbox 1801 2179 2044 2228; x_wconf 88' lang='lat' dir='ltr'>postquam</span> 
     </span>
     <span class='ocr_line' id='line_1_31' title="bbox 0 2217 2045 2300; baseline 0 -21"><span class='ocrx_word' id='word_1_310' title='bbox 0 2217 24 2300; x_wconf 59' lang='grc' dir='ltr'>ξ’</span> <span class='ocrx_word' id='word_1_311' title='bbox 68 2246 170 2280; x_wconf 69' lang='grc' dir='ltr'>Δικπι</span> <span class='ocrx_word' id='word_1_312' title='bbox 180 2235 450 2280; x_wconf 86' lang='lat' dir='ltr'>invenerunt</span> <span class='ocrx_word' id='word_1_313' title='bbox 461 2249 598 2294; x_wconf 90' lang='lat' dir='ltr'>quem</span> <span class='ocrx_word' id='word_1_314' title='bbox 610 2245 768 2279; x_wconf 89' lang='lat' dir='ltr'>natum</span> <span class='ocrx_word' id='word_1_315' title='bbox 781 2245 1062 2293; x_wconf 90' lang='lat' dir='ltr'>putaverant,</span> <span class='ocrx_word' id='word_1_316' title='bbox 1079 2235 1310 2280; x_wconf 91' lang='lat' dir='ltr'>erubuisse</span> <span class='ocrx_word' id='word_1_317' title='bbox 1324 2235 1378 2278; x_wconf 91' lang='lat' dir='ltr'>ad</span> <span class='ocrx_word' id='word_1_318' title='bbox 1391 2249 1440 2279; x_wconf 89' lang='lat' dir='ltr'>se</span> <span class='ocrx_word' id='word_1_319' title='bbox 1453 2235 1652 2290; x_wconf 82' lang='lat' dir='ltr'>redire»,</span> <span class='ocrx_word' id='word_1_320' title='bbox 1665 2246 1714 2280; x_wconf 95' lang='lat' dir='ltr'>ut</span> <span class='ocrx_word' id='word_1_321' title='bbox 1725 2236 1920 2294; x_wconf 86' lang='lat' dir='ltr'>August.</span> <span class='ocrx_word' id='word_1_322' title='bbox 1937 2237 2045 2280; x_wconf 85' lang='lat' dir='ltr'>dicit</span> 
     </span>
     <span class='ocr_line' id='line_1_32' title="bbox 70 2300 2046 2362; baseline 0.001 -15.932"><span class='ocrx_word' id='word_1_323' title='bbox 70 2300 223 2347; x_wconf 61' lang='lat' dir='ltr'>itt-lib.</span> <span class='ocrx_word' id='word_1_324' title='bbox 250 2313 290 2346; x_wconf 89' lang='lat'>2.</span> <span class='ocrx_word' id='word_1_325' title='bbox 318 2302 374 2347; x_wconf 92' lang='lat' dir='ltr'>de</span> <span class='ocrx_word' id='word_1_326' title='bbox 401 2302 645 2347; x_wconf 88' lang='lat' dir='ltr'>Consensu</span> <span class='ocrx_word' id='word_1_327' title='bbox 672 2302 1068 2362; x_wconf 88' lang='lat' dir='ltr'>Evangelistarum</span> <span class='ocrx_word' id='word_1_328' title='bbox 1098 2303 1209 2362; x_wconf 83' lang='lat' dir='ltr'>(cap.</span> <span class='ocrx_word' id='word_1_329' title='bbox 1237 2319 1295 2348; x_wconf 83' lang='lat' dir='ltr'>II.</span> <span class='ocrx_word' id='word_1_330' title='bbox 1323 2302 1377 2346; x_wconf 87' lang='lat' dir='ltr'>ad</span> <span class='ocrx_word' id='word_1_331' title='bbox 1392 2302 1526 2362; x_wconf 84' lang='lat' dir='ltr'>fin.);</span> <span class='ocrx_word' id='word_1_332' title='bbox 1553 2303 1659 2346; x_wconf 88' lang='lat' dir='ltr'>ideo</span> <span class='ocrx_word' id='word_1_333' title='bbox 1688 2313 1842 2347; x_wconf 86' lang='lat' dir='ltr'>autem</span> <span class='ocrx_word' id='word_1_334' title='bbox 1863 2317 1958 2347; x_wconf 90' lang='lat' dir='ltr'>non</span> <span class='ocrx_word' id='word_1_335' title='bbox 1974 2317 2046 2348; x_wconf 93' lang='lat' dir='ltr'>so-</span> 
     </span>
     <span class='ocr_line' id='line_1_33' title="bbox 68 2366 2047 2430; baseline 0.001 -16.934"><span class='ocrx_word' id='word_1_336' title='bbox 68 2366 171 2413; x_wconf 81' lang='lat' dir='ltr'>lum</span> <span class='ocrx_word' id='word_1_337' title='bbox 195 2369 345 2414; x_wconf 89' lang='lat' dir='ltr'>bimos</span> <span class='ocrx_word' id='word_1_338' title='bbox 368 2382 535 2430; x_wconf 89' lang='lat' dir='ltr'>pueros</span> <span class='ocrx_word' id='word_1_339' title='bbox 561 2368 800 2423; x_wconf 87' lang='lat' dir='ltr'>interfecit,</span> <span class='ocrx_word' id='word_1_340' title='bbox 827 2370 906 2414; x_wconf 93' lang='lat' dir='ltr'>sed</span> <span class='ocrx_word' id='word_1_341' title='bbox 933 2371 1072 2414; x_wconf 87' lang='lat' dir='ltr'>etiam</span> <span class='ocrx_word' id='word_1_342' title='bbox 1103 2369 1234 2426; x_wconf 88' lang='lat' dir='ltr'>infra,</span> <span class='ocrx_word' id='word_1_343' title='bbox 1268 2372 1388 2429; x_wconf 87' lang='lat' dir='ltr'>quia,</span> <span class='ocrx_word' id='word_1_344' title='bbox 1415 2380 1464 2414; x_wconf 89' lang='lat' dir='ltr'>ut</span> <span class='ocrx_word' id='word_1_345' title='bbox 1489 2370 1684 2429; x_wconf 89' lang='lat' dir='ltr'>August.</span> <span class='ocrx_word' id='word_1_346' title='bbox 1718 2371 1828 2415; x_wconf 89' lang='lat' dir='ltr'>dicit</span> <span class='ocrx_word' id='word_1_347' title='bbox 1858 2370 1904 2414; x_wconf 91' lang='lat' dir='ltr'>in</span> <span class='ocrx_word' id='word_1_348' title='bbox 1937 2385 2047 2430; x_wconf 90' lang='lat' dir='ltr'>quo-</span> 
     </span>
     <span class='ocr_line' id='line_1_34' title="bbox 69 2434 2043 2497; baseline 0 -16.966"><span class='ocrx_word' id='word_1_349' title='bbox 69 2434 183 2480; x_wconf 75' lang='lat' dir='ltr'>dam</span> <span class='ocrx_word' id='word_1_350' title='bbox 207 2436 355 2481; x_wconf 90' lang='lat' dir='ltr'>Serm.</span> <span class='ocrx_word' id='word_1_351' title='bbox 381 2435 702 2481; x_wconf 87' lang='lat' dir='ltr'>Innocentium</span> <span class='ocrx_word' id='word_1_352' title='bbox 729 2435 846 2494; x_wconf 63' lang='lat' dir='ltr'>arab.</span> <span class='ocrx_word' id='word_1_353' title='bbox 869 2438 916 2481; x_wconf 84' lang='lat' dir='ltr'>in</span> <span class='ocrx_word' id='word_1_354' title='bbox 935 2437 1068 2482; x_wconf 82' lang='lat' dir='ltr'>Gloss.</span> <span class='ocrx_word' id='word_1_355' title='bbox 1085 2437 1175 2481; x_wconf 85' lang='lat' dir='ltr'>ord.</span> <span class='ocrx_word' id='word_1_356' title='bbox 1191 2445 1279 2497; x_wconf 82' lang='lat' dir='ltr'>sup.</span> <span class='ocrx_word' id='word_1_357' title='bbox 1297 2436 1403 2481; x_wconf 85' lang='lat' dir='ltr'>illud</span> <span class='ocrx_word' id='word_1_358' title='bbox 1419 2438 1572 2482; x_wconf 83' lang='lat' dir='ltr'>Matth.</span> <span class='ocrx_word' id='word_1_359' title='bbox 1595 2452 1652 2483; x_wconf 88' lang='lat'>2.:</span> <span class='ocrx_word' id='word_1_360' title='bbox 1674 2438 1715 2482; x_wconf 91' lang='lat' dir='ltr'>A</span> <span class='ocrx_word' id='word_1_361' title='bbox 1735 2439 1909 2492; x_wconf 82' lang='lat' dir='ltr'>bimatu,</span> <span class='ocrx_word' id='word_1_362' title='bbox 1928 2438 2043 2496; x_wconf 67' lang='lat' dir='ltr'>eta),</span> 
     </span>
     <span class='ocr_line' id='line_1_35' title="bbox 69 2501 2046 2565; baseline 0.003 -20.818"><span class='ocrx_word' id='word_1_363' title='bbox 69 2501 317 2558; x_wconf 60' lang='lat' dir='ltr'>attinebat,</span> <span class='ocrx_word' id='word_1_364' title='bbox 341 2517 400 2548; x_wconf 87' lang='lat' dir='ltr'>ne</span> <span class='ocrx_word' id='word_1_365' title='bbox 426 2517 553 2563; x_wconf 90' lang='lat' dir='ltr'>puer,</span> <span class='ocrx_word' id='word_1_366' title='bbox 580 2503 655 2548; x_wconf 89' lang='lat' dir='ltr'>cui</span> <span class='ocrx_word' id='word_1_367' title='bbox 685 2503 834 2548; x_wconf 89' lang='lat' dir='ltr'>sidera</span> <span class='ocrx_word' id='word_1_368' title='bbox 859 2502 1154 2559; x_wconf 87' lang='lat' dir='ltr'>famulantur,</span> <span class='ocrx_word' id='word_1_369' title='bbox 1180 2504 1385 2564; x_wconf 86' lang='lat' dir='ltr'>speciem</span> <span class='ocrx_word' id='word_1_370' title='bbox 1420 2518 1554 2548; x_wconf 87' lang='lat' dir='ltr'>suam</span> <span class='ocrx_word' id='word_1_371' title='bbox 1591 2504 1730 2564; x_wconf 85' lang='lat' dir='ltr'>paulo</span> <span class='ocrx_word' id='word_1_372' title='bbox 1765 2518 1903 2565; x_wconf 87' lang='lat' dir='ltr'>supra</span> <span class='ocrx_word' id='word_1_373' title='bbox 1929 2514 2046 2550; x_wconf 87' lang='lat' dir='ltr'>aeta-</span> 
     </span>
     <span class='ocr_line' id='line_1_36' title="bbox 4 2563 851 2635; baseline 0.002 -21"><span class='ocrx_word' id='word_1_374' title='bbox 4 2563 23 2635; x_wconf 48' lang='lat'><em>]</em></span> <span class='ocrx_word' id='word_1_375' title='bbox 63 2577 185 2625; x_wconf 54' lang='lat' dir='ltr'>tem,</span> <span class='ocrx_word' id='word_1_376' title='bbox 208 2569 284 2615; x_wconf 85' lang='lat' dir='ltr'>vel</span> <span class='ocrx_word' id='word_1_377' title='bbox 306 2569 423 2615; x_wconf 85' lang='lat' dir='ltr'>infra</span> <span class='ocrx_word' id='word_1_378' title='bbox 441 2569 790 2616; x_wconf 84' lang='lat' dir='ltr'>transformaret</span> <span class='ocrx_word' id='word_1_379' title='bbox 805 2587 851 2616; x_wconf 68' lang='lat' dir='ltr'>n.</span> 
     </span>
    </p>
   </div>
   <div class='ocr_carea' id='block_1_10' title="bbox 772 2733 2039 2796">
    <p class='ocr_par' dir='ltr' id='par_1_13' title="bbox 772 2733 2039 2796">
     <span class='ocr_line' id='line_1_37' title="bbox 772 2733 2039 2796; baseline 0.004 -5"><span class='ocrx_word' id='word_1_380' title='bbox 772 2733 1209 2793; x_wconf 91' lang='lat' dir='ltr'>ARTICULUS</span> <span class='ocrx_word' id='word_1_381' title='bbox 1241 2735 1371 2792; x_wconf 89' lang='lat' dir='ltr'>VII.</span> <span class='ocrx_word' id='word_1_382' title='bbox 1953 2746 2039 2796; x_wconf 82' lang='lat'><em>20&#39;2</em></span> 
     </span>
    </p>
   </div>
   <div class='ocr_carea' id='block_1_11' title="bbox 432 2868 1666 2993">
    <p class='ocr_par' dir='ltr' id='par_1_14' title="bbox 432 2868 1666 2993">
     <span class='ocr_line' id='line_1_38' title="bbox 432 2868 1666 2923; baseline -0.001 -14"><span class='ocrx_word' id='word_1_383' title='bbox 432 2868 626 2910; x_wconf 84' lang='lat' dir='ltr'>UTRUM</span> <span class='ocrx_word' id='word_1_384' title='bbox 676 2871 905 2923; x_wconf 85' lang='lat' dir='ltr'>STELLA,</span> <span class='ocrx_word' id='word_1_385' title='bbox 963 2870 1113 2918; x_wconf 85' lang='lat' dir='ltr'>QUAE</span> <span class='ocrx_word' id='word_1_386' title='bbox 1159 2871 1325 2910; x_wconf 90' lang='lat' dir='ltr'>MAGIS</span> <span class='ocrx_word' id='word_1_387' title='bbox 1376 2870 1666 2923; x_wconf 84' lang='lat' dir='ltr'>APPARUIT,</span> 
     </span>
     <span class='ocr_line' id='line_1_39' title="bbox 505 2953 1606 2993; baseline 0.002 -3"><span class='ocrx_word' id='word_1_388' title='bbox 505 2953 703 2992; x_wconf 86' lang='lat' dir='ltr'>FUERIT</span> <span class='ocrx_word' id='word_1_389' title='bbox 733 2953 844 2993; x_wconf 88' lang='lat' dir='ltr'>UNA</span> <span class='ocrx_word' id='word_1_390' title='bbox 863 2955 936 2991; x_wconf 92' lang='lat' dir='ltr'>DE</span> <span class='ocrx_word' id='word_1_391' title='bbox 963 2954 1335 2993; x_wconf 86' lang='lat' dir='ltr'>COELESTIBUS</span> <span class='ocrx_word' id='word_1_392' title='bbox 1366 2953 1606 2992; x_wconf 85' lang='lat' dir='ltr'>STELLIS.</span> 
     </span>
    </p>
   </div>
   <div class='ocr_carea' id='block_1_12' title="bbox 66 3053 1558 3125">
    <p class='ocr_par' dir='ltr' id='par_1_15' title="bbox 66 3053 1558 3125">
     <span class='ocr_line' id='line_1_40' title="bbox 66 3053 1558 3125; baseline 0 -16"><span class='ocrx_word' id='word_1_393' title='bbox 66 3053 72 3122; x_wconf 39' lang='lat' dir='ltr'>f</span> <span class='ocrx_word' id='word_1_394' title='bbox 570 3063 746 3124; x_wconf 79' lang='lat' dir='ltr'>(Opusc.</span> <span class='ocrx_word' id='word_1_395' title='bbox 774 3080 839 3110; x_wconf 88' lang='lat'>10.</span> <span class='ocrx_word' id='word_1_396' title='bbox 867 3073 958 3124; x_wconf 87' lang='lat' dir='ltr'>cap.</span> <span class='ocrx_word' id='word_1_397' title='bbox 987 3079 1025 3125; x_wconf 91' lang='lat'>7.</span> <span class='ocrx_word' id='word_1_398' title='bbox 1053 3071 1089 3110; x_wconf 81' lang='lat' dir='ltr'>et</span> <span class='ocrx_word' id='word_1_399' title='bbox 1116 3066 1265 3109; x_wconf 63' lang='grc' dir='ltr'><em>Μαίη).</em></span> <span class='ocrx_word' id='word_1_400' title='bbox 1292 3080 1334 3110; x_wconf 89' lang='lat'>2.</span> <span class='ocrx_word' id='word_1_401' title='bbox 1362 3065 1450 3111; x_wconf 80' lang='lat' dir='ltr'>lect.</span> <span class='ocrx_word' id='word_1_402' title='bbox 1477 3067 1558 3125; x_wconf 89' lang='lat'>4.).</span> 
     </span>
    </p>
   </div>
   <div class='ocr_carea' id='block_1_13' title="bbox 0 2487 2044 3703">
    <p class='ocr_par' dir='ltr' id='par_1_16' title="bbox 0 2487 25 2543">
     <span class='ocr_line' id='line_1_41' title="bbox 0 2487 25 2543; baseline 0 -5"><span class='ocrx_word' id='word_1_403' title='bbox 0 2487 25 2543; x_wconf 62' lang='grc' dir='ltr'>Ξ,</span> 
     </span>
    </p>

    <p class='ocr_par' dir='ltr' id='par_1_17' title="bbox 0 2849 32 2985">
     <span class='ocr_line' id='line_1_42' title="bbox 0 2849 32 2985; baseline 0 -9"><span class='ocrx_word' id='word_1_404' title='bbox 0 2849 32 2985; x_wconf 69' lang='grc' dir='ltr'>ἒξ,</span> 
     </span>
    </p>

    <p class='ocr_par' dir='ltr' id='par_1_18' title="bbox 0 2988 27 3034">
     <span class='ocr_line' id='line_1_43' title="bbox 0 2988 27 3034; baseline 0 0"><span class='ocrx_word' id='word_1_405' title='bbox 0 2988 27 3034; x_wconf 63' lang='grc' dir='ltr'>,ἒξ</span> 
     </span>
    </p>

    <p class='ocr_par' dir='ltr' id='par_1_19' title="bbox 2 3036 2044 3503">
     <span class='ocr_line' id='line_1_44' title="bbox 2 3036 46 3086; baseline 0.068 -3"><span class='ocrx_word' id='word_1_406' title='bbox 2 3036 46 3086; x_wconf 88' lang='grc' dir='ltr'>Ξῖ</span> 
     </span>
     <span class='ocr_line' id='line_1_45' title="bbox 164 3171 2036 3236; baseline 0.001 -17.843"><span class='ocrx_word' id='word_1_407' title='bbox 164 3171 240 3218; x_wconf 85' lang='lat' dir='ltr'>AD</span> <span class='ocrx_word' id='word_1_408' title='bbox 266 3186 506 3219; x_wconf 77' lang='lat' dir='ltr'>SEPTIMUM</span> <span class='ocrx_word' id='word_1_409' title='bbox 534 3174 597 3219; x_wconf 88' lang='lat' dir='ltr'>sic</span> <span class='ocrx_word' id='word_1_410' title='bbox 635 3176 907 3234; x_wconf 90' lang='lat' dir='ltr'>proceditur.</span> <span class='ocrx_word' id='word_1_411' title='bbox 935 3177 1140 3230; x_wconf 90' lang='lat' dir='ltr'>Videtur,</span> <span class='ocrx_word' id='word_1_412' title='bbox 1169 3177 1291 3235; x_wconf 91' lang='lat' dir='ltr'>quod</span> <span class='ocrx_word' id='word_1_413' title='bbox 1324 3177 1469 3231; x_wconf 91' lang='lat' dir='ltr'>stella,</span> <span class='ocrx_word' id='word_1_414' title='bbox 1498 3191 1614 3236; x_wconf 89' lang='lat' dir='ltr'>quae</span> <span class='ocrx_word' id='word_1_415' title='bbox 1641 3176 1789 3234; x_wconf 89' lang='lat' dir='ltr'>Magis</span> <span class='ocrx_word' id='word_1_416' title='bbox 1816 3176 2036 3234; x_wconf 90' lang='lat' dir='ltr'>apparuit,</span> 
     </span>
     <span class='ocr_line' id='line_1_46' title="bbox 74 3236 2040 3303; baseline 0.002 -20.859"><span class='ocrx_word' id='word_1_417' title='bbox 74 3236 208 3286; x_wconf 75' lang='lat' dir='ltr'>fuerit</span> <span class='ocrx_word' id='word_1_418' title='bbox 232 3253 322 3286; x_wconf 88' lang='lat' dir='ltr'>una</span> <span class='ocrx_word' id='word_1_419' title='bbox 354 3242 410 3286; x_wconf 91' lang='lat' dir='ltr'>de</span> <span class='ocrx_word' id='word_1_420' title='bbox 448 3242 719 3287; x_wconf 90' lang='lat' dir='ltr'>coelestibus</span> <span class='ocrx_word' id='word_1_421' title='bbox 753 3242 918 3288; x_wconf 90' lang='lat' dir='ltr'>stellis:</span> <span class='ocrx_word' id='word_1_422' title='bbox 957 3244 1064 3287; x_wconf 88' lang='lat' dir='ltr'>dicit</span> <span class='ocrx_word' id='word_1_423' title='bbox 1100 3245 1225 3288; x_wconf 90' lang='lat' dir='ltr'>enim</span> <span class='ocrx_word' id='word_1_424' title='bbox 1262 3244 1455 3303; x_wconf 88' lang='lat' dir='ltr'>August.</span> <span class='ocrx_word' id='word_1_425' title='bbox 1493 3244 1539 3287; x_wconf 90' lang='lat' dir='ltr'>in</span> <span class='ocrx_word' id='word_1_426' title='bbox 1577 3243 1777 3302; x_wconf 86' lang='lat' dir='ltr'>quodam</span> <span class='ocrx_word' id='word_1_427' title='bbox 1816 3242 2040 3286; x_wconf 87' lang='lat' dir='ltr'>Sermone</span> 
     </span>
     <span class='ocr_line' id='line_1_47' title="bbox 76 3302 2044 3368; baseline 0.001 -17.897"><span class='ocrx_word' id='word_1_428' title='bbox 76 3302 260 3366; x_wconf 84' lang='lat' dir='ltr'>Epiph.:</span> <span class='ocrx_word' id='word_1_429' title='bbox 289 3325 312 3350; x_wconf 77' lang='grc' dir='ltr'><strong>α</strong></span> <span class='ocrx_word' id='word_1_430' title='bbox 335 3309 461 3353; x_wconf 90' lang='lat' dir='ltr'>Dum</span> <span class='ocrx_word' id='word_1_431' title='bbox 494 3310 660 3368; x_wconf 87' lang='lat' dir='ltr'>pendet</span> <span class='ocrx_word' id='word_1_432' title='bbox 686 3310 741 3354; x_wconf 89' lang='lat' dir='ltr'>ad</span> <span class='ocrx_word' id='word_1_433' title='bbox 768 3311 922 3364; x_wconf 90' lang='lat' dir='ltr'>ubera,</span> <span class='ocrx_word' id='word_1_434' title='bbox 949 3321 993 3355; x_wconf 91' lang='lat' dir='ltr'>et</span> <span class='ocrx_word' id='word_1_435' title='bbox 1018 3310 1179 3355; x_wconf 90' lang='lat' dir='ltr'>vilium</span> <span class='ocrx_word' id='word_1_436' title='bbox 1217 3312 1383 3368; x_wconf 85' lang='lat' dir='ltr'>patitur</span> <span class='ocrx_word' id='word_1_437' title='bbox 1419 3311 1546 3354; x_wconf 90' lang='lat' dir='ltr'>Deus</span> <span class='ocrx_word' id='word_1_438' title='bbox 1584 3309 1900 3353; x_wconf 82' lang='lat' dir='ltr'>involumenta</span> <span class='ocrx_word' id='word_1_439' title='bbox 1936 3323 2044 3368; x_wconf 91' lang='lat' dir='ltr'>pan-</span> 
     </span>
     <span class='ocr_line' id='line_1_48' title="bbox 65 3375 2039 3434; baseline 0.002 -17.892"><span class='ocrx_word' id='word_1_440' title='bbox 65 3380 256 3428; x_wconf 78' lang='lat' dir='ltr'>.norum‚</span> <span class='ocrx_word' id='word_1_441' title='bbox 282 3385 468 3434; x_wconf 89' lang='lat' dir='ltr'>repente</span> <span class='ocrx_word' id='word_1_442' title='bbox 495 3390 669 3420; x_wconf 88' lang='lat' dir='ltr'>novum</span> <span class='ocrx_word' id='word_1_443' title='bbox 706 3377 760 3421; x_wconf 94' lang='lat' dir='ltr'>de</span> <span class='ocrx_word' id='word_1_444' title='bbox 788 3376 921 3422; x_wconf 92' lang='lat' dir='ltr'>coelo</span> <span class='ocrx_word' id='word_1_445' title='bbox 956 3377 1079 3422; x_wconf 88' lang='lat' dir='ltr'>sidus</span> <span class='ocrx_word' id='word_1_446' title='bbox 1107 3377 1275 3422; x_wconf 85' lang='lat' dir='ltr'>effulsit</span> <span class='ocrx_word' id='word_1_447' title='bbox 1290 3393 1343 3432; x_wconf 79' lang='lat'>»3</span> <span class='ocrx_word' id='word_1_448' title='bbox 1379 3377 1462 3421; x_wconf 90' lang='lat' dir='ltr'>fuit</span> <span class='ocrx_word' id='word_1_449' title='bbox 1487 3377 1624 3434; x_wconf 89' lang='lat' dir='ltr'>igitur</span> <span class='ocrx_word' id='word_1_450' title='bbox 1649 3375 1779 3419; x_wconf 88' lang='lat' dir='ltr'>stella</span> <span class='ocrx_word' id='word_1_451' title='bbox 1812 3375 2039 3431; x_wconf 90' lang='lat' dir='ltr'>coelestis,</span> 
     </span>
     <span class='ocr_line' id='line_1_49' title="bbox 66 3440 608 3501; baseline 0.005 -17.697"><span class='ocrx_word' id='word_1_452' title='bbox 66 3450 193 3498; x_wconf 70' lang='lat' dir='ltr'>quae</span> <span class='ocrx_word' id='word_1_453' title='bbox 215 3440 363 3500; x_wconf 83' lang='lat' dir='ltr'>Magis</span> <span class='ocrx_word' id='word_1_454' title='bbox 386 3442 608 3501; x_wconf 87' lang='lat' dir='ltr'>apparuit.</span> 
     </span>
    </p>

    <p class='ocr_par' dir='ltr' id='par_1_20' title="bbox 4 3507 2043 3703">
     <span class='ocr_line' id='line_1_50' title="bbox 84 3507 2039 3569; baseline 0.001 -17.885"><span class='ocrx_word' id='word_1_455' title='bbox 84 3566 86 3569; x_wconf 11' lang='grc' dir='ltr'>ἡ</span> <span class='ocrx_word' id='word_1_456' title='bbox 167 3518 208 3551; x_wconf 89' lang='lat'>2.</span> <span class='ocrx_word' id='word_1_457' title='bbox 238 3507 534 3553; x_wconf 74' lang='lat' dir='ltr'>PRAETEREA.</span> <span class='ocrx_word' id='word_1_458' title='bbox 572 3509 690 3567; x_wconf 88' lang='lat' dir='ltr'>Aug.</span> <span class='ocrx_word' id='word_1_459' title='bbox 719 3509 828 3553; x_wconf 91' lang='lat' dir='ltr'>dicit</span> <span class='ocrx_word' id='word_1_460' title='bbox 852 3509 898 3553; x_wconf 91' lang='lat' dir='ltr'>in</span> <span class='ocrx_word' id='word_1_461' title='bbox 927 3510 1153 3555; x_wconf 89' lang='lat' dir='ltr'>Sermone</span> <span class='ocrx_word' id='word_1_462' title='bbox 1180 3511 1381 3569; x_wconf 86' lang='lat' dir='ltr'>quodam</span> <span class='ocrx_word' id='word_1_463' title='bbox 1409 3509 1605 3568; x_wconf 90' lang='lat' dir='ltr'>Ephiph.</span> <span class='ocrx_word' id='word_1_464' title='bbox 1635 3507 1754 3567; x_wconf 83' lang='lat' dir='ltr'>(quid</span> <span class='ocrx_word' id='word_1_465' title='bbox 1779 3508 1912 3553; x_wconf 83' lang='lat' dir='ltr'>simile</span> <span class='ocrx_word' id='word_1_466' title='bbox 1945 3509 2039 3554; x_wconf 82' lang='lat' dir='ltr'>hab.</span> 
     </span>
     <span class='ocr_line' id='line_1_51' title="bbox 50 3570 2041 3635; baseline 0.001 -17.932"><span class='ocrx_word' id='word_1_467' title='bbox 50 3584 197 3617; x_wconf 72' lang='lat' dir='ltr'>mm</span> <span class='ocrx_word' id='word_1_468' title='bbox 217 3587 283 3632; x_wconf 85' lang='lat'>30.</span> <span class='ocrx_word' id='word_1_469' title='bbox 315 3574 362 3618; x_wconf 77' lang='lat' dir='ltr'>de</span> <span class='ocrx_word' id='word_1_470' title='bbox 395 3570 534 3635; x_wconf 69' lang='lat' dir='ltr'>Temp.</span> <span class='ocrx_word' id='word_1_471' title='bbox 562 3578 638 3620; x_wconf 83' lang='lat' dir='ltr'>cir.</span> <span class='ocrx_word' id='word_1_472' title='bbox 671 3575 831 3633; x_wconf 74' lang='lat' dir='ltr'>princ.)</span> <span class='ocrx_word' id='word_1_473' title='bbox 850 3590 864 3619; x_wconf 86' lang='grc'>.-</span> <span class='ocrx_word' id='word_1_474' title='bbox 896 3576 1199 3621; x_wconf 86' lang='lat' dir='ltr'>«Pastoribus</span> <span class='ocrx_word' id='word_1_475' title='bbox 1233 3577 1397 3635; x_wconf 89' lang='lat' dir='ltr'>angeli,</span> <span class='ocrx_word' id='word_1_476' title='bbox 1442 3576 1590 3634; x_wconf 86' lang='lat' dir='ltr'>Magis</span> <span class='ocrx_word' id='word_1_477' title='bbox 1632 3575 1761 3619; x_wconf 89' lang='lat' dir='ltr'>stella</span> <span class='ocrx_word' id='word_1_478' title='bbox 1804 3575 2041 3620; x_wconf 89' lang='lat' dir='ltr'>Christum</span> 
     </span>
     <span class='ocr_line' id='line_1_52' title="bbox 21 3636 2043 3703; baseline 0.002 -20"><span class='ocrx_word' id='word_1_479' title='bbox 21 3667 27 3674; x_wconf 32' lang='lat'>⁴-</span> <span class='ocrx_word' id='word_1_480' title='bbox 62 3636 381 3685; x_wconf 60' lang='lat' dir='ltr'>demonstrat:</span> <span class='ocrx_word' id='word_1_481' title='bbox 407 3642 607 3701; x_wconf 89' lang='lat' dir='ltr'>utrisque</span> <span class='ocrx_word' id='word_1_482' title='bbox 634 3641 833 3701; x_wconf 86' lang='lat' dir='ltr'>loquitur</span> <span class='ocrx_word' id='word_1_483' title='bbox 858 3641 1014 3703; x_wconf 88' lang='lat' dir='ltr'>lingua</span> <span class='ocrx_word' id='word_1_484' title='bbox 1041 3642 1295 3699; x_wconf 89' lang='lat' dir='ltr'>coelorum,</span> <span class='ocrx_word' id='word_1_485' title='bbox 1322 3643 1428 3703; x_wconf 90' lang='lat' dir='ltr'>quia</span> <span class='ocrx_word' id='word_1_486' title='bbox 1450 3642 1605 3700; x_wconf 83' lang='lat' dir='ltr'>lingua</span> <span class='ocrx_word' id='word_1_487' title='bbox 1632 3642 1828 3687; x_wconf 89' lang='lat' dir='ltr'>cessavit</span> <span class='ocrx_word' id='word_1_488' title='bbox 1843 3642 2043 3701; x_wconf 85' lang='lat' dir='ltr'>Prophe-</span> 
     </span>
    </p>
   </div>
  </div>
 </body>
</html>
