2352 3926
592 241 875 289 numm
911 241 1082 281 mxx,
1115 240 1431 282 amouimus
1459 240 1545 280 σοι.
1941 242 2048 296 737

5 323 17 347 ἵ
87 345 177 393 tius
202 344 314 392 dicit
329 345 437 404 «aaa.
455 345 524 392 ciz-
540 351 624 392 art.
641 352 786 406 praec.
806 343 864 390 ⁴ad
882 342 1239 405 5.),sec1mdnm
1263 342 1510 389 consilium
1534 341 1785 389 sacerdotis
1800 341 2053 398 abstinent,

88 422 377 459 excusantur.

775 544 1213 603 ARTICULUS
1255 545 1385 600 ΧΗ.
1962 559 2052 621 489

218 667 413 708 UTRUM
451 667 653 707 LICEAT
695 667 908 708 SUMERE
949 666 1159 706 CORPUS
1201 666 1420 706 CHRISTI
1462 666 1582 705 SINE
1623 666 1917 708 SANGUINE.

430 770 568 830 (Infr.
589 785 628 830 q.
651 771 719 817 82.
742 775 825 815 art.
851 782 893 827 4.
917 775 955 815 et
978 782 1020 827 4.
1043 769 1157 814 Dist.
1181 783 1242 814 12.
1271 783 1309 827 q.
1333 783 1370 828 3.
1394 775 1475 814 art.
1508 784 1543 815 r.
1563 784 1601 828 q.
1625 770 1701 828 2.).

177 883 254 927 An
286 894 614 928 nuomzcmtm
636 881 701 926 sic
727 880 1000 939 proceditur.
1032 879 1238 934 Videtur,
1262 880 1386 939 quod
1408 893 1502 924 non
1528 879 1665 925 liceat
1680 894 1860 926 sumere
1887 895 2055 943 corpus

92 949 267 996 Christi
297 949 395 994 sine
436 948 683 1008 sanguine:
717 947 825 992 dicit
857 947 981 991 enim
1015 946 1227 991 Gelasius
1259 961 1392 1006 papa,
1425 956 1470 991 et
1499 946 1693 992 habetur
1723 949 1796 994 De
1831 950 2055 995 Consecr.

87 1017 224 1076 (Dist.
255 1031 295 1063 2.
313 1025 403 1076 cap.
440 1016 557 1074 12.).·
586 1032 610 1058 «
634 1015 977 1074 Comperimus,
1004 1014 1126 1074 quod
1159 1014 1359 1073 quidam,
1391 1024 1572 1072 sumpta
1597 1016 1920 1061 tantummodo
1954 1031 2056 1061 cor-

88 1084 211 1144 poris
233 1084 351 1128 sacri
366 1083 592 1143 portione,
619 1097 646 1126 a
672 1082 815 1126 calice
832 1082 997 1126 sacrati
1019 1081 1192 1126 cruoris
1221 1081 1466 1136 abstinent;
1493 1082 1571 1140 qui
1595 1082 1756 1140 procul
1773 1083 1925 1138 dubio,
1948 1098 2058 1143 quo-

87 1151 214 1196 niam
239 1150 396 1196 nescio
423 1165 512 1210 qua
538 1149 857 1209 superstitione
872 1149 1094 1194 docentur
1118 1148 1353 1208 adstringi,
1370 1158 1448 1193 aut
1464 1148 1642 1208 integra
1659 1161 1945 1195 sacramenta
1962 1165 2058 1211 per-

89 1217 271 1278 cipiant,
295 1227 372 1262 aut
404 1217 458 1262 ab
486 1217 674 1277 integris
702 1225 941 1262 arceantur
977 1232 1030 1271 »3
1056 1231 1151 1261 non
1179 1231 1289 1276 ergo
1326 1216 1434 1261 licet
1470 1230 1650 1261 sumere
1689 1231 1854 1276 corpus
1882 1218 2058 1264 Christi

87 1285 185 1331 sine
211 1287 309 1344 ejus
334 1286 572 1345 sanguine.

177 1365 218 1398 2.
235 1353 534 1398 PRAETEREA.
553 1352 626 1397 Ad
648 1351 977 1431 perfectionem
1004 1352 1140 1410 hujus
1156 1351 1432 1396 sacramenti
1449 1351 1682 1396 concurrit
1698 1362 1743 1396 et
1759 1352 2054 1398 manducatio

89 1421 310 1480 corporis,
336 1430 382 1465 et
404 1420 580 1479 potatio
607 1420 855 1479 sanguinis,
882 1429 931 1463 ut
956 1434 1092 1479 supra
1122 1419 1329 1463 habitum
1362 1429 1430 1464 est
1463 1419 1521 1478 (q.
1556 1433 1623 1478 74.
1657 1426 1739 1464 art.
1772 1437 1808 1466 Ι.
1841 1426 1878 1465 et
1909 1435 1947 1479 q.
1982 1421 2053 1480 76.

87 1495 169 1534 art.
192 1503 232 1534 2.
265 1487 320 1533 ad
350 1488 439 1547 1.);
467 1488 506 1532 si
531 1501 642 1547 ergo
669 1498 875 1532 sumatur
908 1501 1072 1547 corpus
1099 1487 1197 1532 sine
1229 1487 1466 1545 sanguine,
1490 1487 1574 1531 erit
1599 1498 1942 1532 sacramentum
1973 1488 2056 1532 irn-

86 1554 358 1616 perfectum,'
370 1555 493 1615 quod
515 1555 572 1599 ad
598 1554 891 1614 sacrilegium
917 1555 1143 1614 pertinere
1165 1554 1363 1609 videtur;
1386 1553 1507 1598 unde
1527 1554 1698 1598 ibidem
1721 1554 1933 1599 Gelasius
1956 1555 2055 1599 sub-

87 1622 174 1669 dit:
205 1638 230 1664 «
257 1622 382 1676 Quia
407 1622 570 1666 divisio
597 1622 729 1666 unius
756 1622 1051 1681 ejusdemque
1078 1621 1284 1681 mysterii
1314 1622 1411 1666 sine
1435 1621 1596 1680 grandi
1627 1620 1872 1680 sacrilegio
1898 1636 2057 1681 prove-

87 1690 186 1735 nire
210 1704 306 1735 non
332 1699 482 1748 potest
503 1707 545 1735 >›.

182 1771 220 1815 3.
247 1757 545 1802 PRAETEREA.
584 1757 687 1801 Hoc
715 1766 1055 1801 sacramentum
1094 1755 1346 1800 celebratur
1381 1755 1428 1799 in
1460 1755 1737 1800 memoriam
1778 1756 2055 1801 Dominicae

88 1825 327 1886 passionis,
349 1834 404 1869 *ut
426 1838 563 1883 supra
588 1824 760 1868 dictum
788 1833 854 1868 est
875 1824 979 1882 (loc.
1013 1824 1119 1882 cit),
1153 1834 1198 1868 et
1228 1824 1422 1868 sumitur
1453 1837 1535 1881 pro
1562 1823 1744 1868 animae
1776 1823 1942 1869 salute:
1975 1823 2054 1868 sed

88 1893 239 1954 passio
268 1891 439 1937 Christi
460 1892 608 1951 magis
635 1891 900 1950 exprimitur
915 1892 962 1935 in
979 1891 1215 1950 sanguine,
1242 1905 1382 1950 quam
1406 1891 1453 1934 in
1472 1905 1684 1949 corpore:
1713 1891 1898 1950 sanguis
1914 1891 2054 1936 etiam

88 1973 173 2020 pro
196 1958 345 2004 salute
370 1959 551 2003 animae
589 1957 789 2013 offertur,
825 1968 875 2003 ut
899 1972 1035 2018 supra
1069 1958 1278 2003 habitum
1310 1968 1379 2005 est
1404 1958 1580 2016 (ibid.).·
1613 1958 1764 2017 potius
1793 1972 1902 2017 ergo
1936 1968 2057 2003 esset

88 2027 406 2073 abstinendum
424 2027 727 2086 asumptione
753 2027 973 2086 corporis,
1000 2040 1138 2086 quarn
1166 2040 1190 2070 a
1217 2026 1478 2085 sumptione
1510 2026 1763 2084 sanguinis;
1792 2039 1903 2084 ergo
1930 2039 2057 2071 acce-

88 2094 247 2140 dentes
263 2094 320 2139 ad
337 2094 427 2139 hoc
442 2103 783 2139 sacramentnm
808 2108 903 2139 non
929 2093 1095 2138 debent
1119 2097 1301 2138 sumere
1330 2107 1496 2152 corpus
1523 2093 1697 2138 Christi
1717 2095 1814 2138 sine
1836 2094 1934 2153 e'pis
1958 2107 2058 2138 san-

89 2162 242 2222 guine.

179 2229 275 2274 SED
302 2240 499 2274 CONTRA
525 2237 592 2272 est
618 2227 866 2272 multarum
888 2227 1199 2272 Ecclesiarum
1225 2242 1348 2282 usus,
1374 2228 1421 2271 in
1448 2227 1609 2287 quibus
1636 2226 1810 2287 populo
1844 2241 2054 2272 commu-

86 2296 259 2342 nicanti
284 2296 415 2340 datur
442 2309 607 2355 corpus
634 2295 806 2340 Christi
831 2295 1122 2349 sumendum,
1148 2309 1244 2340 non
1270 2305 1425 2339 autem
1451 2295 1649 2354 sanguis.

169 2363 467 2409 >Responnsso
494 2363 754 2418 dicendum,
791 2362 914 2422 quod
947 2362 1068 2407 circa
1101 2377 1237 2408 usum
1273 2363 1409 2421 hujus
1450 2362 1726 2407 sacramenti
1757 2362 1837 2407 duo
1863 2373 2055 2423 possunt

90 2431 392 2477 considerari:
419 2445 551 2475 unum
577 2445 632 2475 ex
657 2440 784 2490 parte
800 2430 940 2490 ipsius
966 2430 1256 2486 sacramenti,
1284 2430 1400 2475 aliud
1426 2444 1482 2474 ex
1517 2440 1644 2489 parte
1670 2430 1965 2487 sumentium.
1988 2430 2055 2474 Ex

88 2509 216 2560 parte
238 2497 424 2558 quidem
456 2497 597 2557 ipsius
632 2497 908 2542 sacramenti
933 2498 1162 2552 convenit,
1190 2497 1313 2557 quod
1351 2507 1594 2556 utrumque
1630 2506 1849 2552 sumatur,
1882 2496 2058 2542 scilicet

90 2575 136 2611 et
157 2579 337 2625 corpus,
363 2575 409 2610 et
433 2565 633 2624 sanguis,
670 2565 777 2624 quia
800 2565 849 2609 in
875 2575 1068 2625 utroque
1097 2566 1302 2610 consistit
1323 2564 1543 2626 perfectio
1567 2567 1867 2622 sacramenti3
1886 2576 1931 2611 et
1946 2567 2051 2610 ideo

89 2633 195 2693 quia
222 2632 279 2676 ad
305 2631 591 2677 sacerdotem
612 2633 805 2691 pertinet
829 2632 920 2676 hoc
947 2643 1286 2678 sacramentum
1313 2647 1598 2687 consecrare,
1617 2643 1661 2678 et
1677 2633 1907 2693 perficere,
1925 2633 2053 2678 nullo

90 2699 234 2745 modo
260 2699 395 2744 debet
418 2713 584 2758 corpus
601 2699 773 2744 Christi
785 2714 966 2744 sumere
984 2700 1081 2745 sine
1108 2702 1344 2760 sanguine.
1363 2701 1429 2745 Ex
1446 2710 1573 2760 parte
1597 2711 1751 2745 autem
1773 2701 2053 2745 sumentium

90 2768 332 2828 requiritur
356 2781 539 2811 summa
563 2767 830 2821 reverentia,
856 2776 900 2812 et
926 2767 1119 2822 cautela,
1144 2782 1203 2812 ne
1230 2768 1400 2828 aliquid
1434 2769 1626 2822 accidat,
1659 2768 1781 2827 quod
1812 2778 1972 2827 vergat
1997 2768 2052 2812 ad

89 2836 305 2896 injuriam
335 2834 449 2880 tanti
479 2835 708 2894 mysterii;
734 2835 856 2894 quod
881 2836 1123 2895 praecipue
1155 2846 1310 2895 posset
1335 2836 1542 2880 accidere
1573 2836 1620 2879 in
1652 2836 1886 2893 sanguinis
1931 2849 2054 2880 sum-

90 2904 262 2965 ptione,
289 2902 367 2962 qui
392 2901 592 2962 quidem,
629 2901 669 2946 si
702 2901 884 2946 incaute
913 2913 1184 2958 sumeretur,
1219 2903 1275 2948 de
1310 2902 1434 2947 facili
1466 2914 1620 2963 posset
1653 2901 1837 2946 effundi.
1864 2901 1921 2947 Et
1945 2903 2052 2962 quia

92 2972 234 3016 crevit
258 2968 502 3014 multitudo
529 2967 687 3028 populi
727 2968 974 3023 christiani,
1006 2969 1054 3013 in
1089 2984 1178 3029 qua
1205 2971 1494 3015 continentur
1525 2983 1672 3023 senes,
1705 2979 1750 3013 et
1773 2970 1975 3027 juvenes,
2009 2981 2053 3015 et

91 3037 282 3098 parvuli,
307 3050 503 3096 quorum
526 3035 712 3095 quidam
735 3049 832 3079 non
857 3046 960 3080 sunt
988 3046 1145 3081 tantae
1178 3037 1478 3091 discretionis,
1512 3047 1560 3080 ut
1592 3035 1820 3081 cautelam
1852 3036 2051 3081 debitam

93 3106 214 3150 circa
238 3118 372 3149 usum
397 3103 530 3162 hujus
556 3102 834 3147 sacramenti
860 3103 1117 3158 adhibeant,
1144 3104 1249 3149 ideo
1267 3104 1456 3164 provide
1474 3104 1520 3147 in
1540 3103 1811 3162 quibusdam
1833 3102 2052 3149 Ecclesiis

93 3172 371 3227 observatur,
402 3181 453 3215 ut
483 3168 655 3230 populo
681 3169 867 3227 sanguis
892 3170 1140 3215 sumendus
1166 3185 1262 3216 non
1293 3172 1438 3225 detur,
1464 3170 1543 3215 sed
1578 3169 1733 3215 solum
1758 3185 1784 3214 a
1816 3171 2054 3216 sacerdote

92 3249 312 3285 sumatur.

182 3306 259 3351 AD
290 3318 479 3351 PRIMUM
511 3318 622 3363 ergo
655 3303 913 3358 dicendum,
945 3305 1067 3364 quod
1095 3305 1306 3350 Gelasius
1338 3304 1539 3364 loquitur
1565 3315 1787 3364 quantum
1819 3305 1875 3349 ad
1908 3319 2056 3351 sacer-

94 3373 238 3429 dotes,
264 3373 341 3433 qui
362 3373 482 3418 sicut
506 3382 652 3416 toturn
681 3380 952 3415 consecrant
975 3383 1328 3426 sacramentum,
1354 3373 1415 3416 ita
1443 3373 1582 3416 etiam
1602 3371 1687 3417 toti
1709 3372 2053 3418 communicare

94 3441 281 3496 debent;
317 3451 368 3486 ut
399 3439 523 3484 enim
558 3439 723 3498 legitur
746 3438 795 3482 in
822 3437 1036 3483 Concilio
1071 3438 1303 3485 Toletano
1331 3439 1503 3497 (scilicet
1538 3454 1601 3485 12.
1628 3454 1721 3484 can.
1743 3441 1820 3499 5.).·
1851 3456 1875 3482 α
1900 3440 2052 3494 Quale

95 3509 181 3554 erit
203 3507 494 3562 sacrificium,
516 3506 589 3551 cui
611 3519 695 3550 nec
720 3506 816 3565 ipse
842 3505 1102 3552 sacrificans
1125 3509 1351 3567 particeps
1378 3520 1476 3551 esse
1502 3507 1820 3566 dignoscitur?
1842 3524 1867 3550 22

180 3575 261 3621 An
278 3587 548 3621 -suctmnum
573 3572 832 3626 dicendum,
855 3571 978 3632 quod
1004 3573 1221 3633 perfectio
1245 3574 1379 3633 hujus
1401 3574 1677 3619 sacramenti
1696 3587 1790 3619 non
1813 3584 1881 3619 est
1900 3574 1948 3619 in
1966 3588 2053 3620 usu

96 3642 315 3697 fidelium,
351 3641 430 3687 sed
461 3641 507 3686 in
542 3639 887 3685 consecratione
921 3640 1161 3686 materiae:
1200 3651 1245 3686 et
1281 3640 1383 3687 ideo
1417 3640 1531 3686 nihil
1565 3641 1756 3702 derogat
1786 3641 2056 3702 perfectioni

278 3746 315 3782 S.
339 3746 494 3782 Tuom
517 3745 650 3781 Summa
682 3743 883 3789 Theologica.
910 3743 992 3780 Vol.
1019 3743 1082 3779 1v.
1835 3756 1876 3789 47
