2352 3926
245 231 308 284 61
320 230 351 284 8
766 225 1045 291 QUAEsTr'o
1087 244 1234 283 Lxx1.
1275 243 1584 284 Ani-murus
1601 245 1607 254 ⁹
1623 226 1699 283 11'1.

243 347 477 393 Ecclesia
466 362 512 392 m
532 345 797 391 exorcismis
815 346 1098 406 imperativis
1119 347 1267 392 verbis
1289 347 1429 392 utitur
1455 346 1511 391 ad
1537 346 1853 408 expellendam
1874 347 2113 394 daemonis

243 423 477 459 testatem:
501 424 608 473 puta
636 427 740 457 curn
761 413 895 458 dicit:
924 413 1103 473 «Ergo,
1130 413 1372 459 maledicte
1393 413 1589 468 diabole,
1611 427 1681 458 exi
1696 415 1751 458 ab
1770 427 1842 469 eo,
1860 424 1945 459 etc.
1957 431 2000 467 ιι.
2016 412 2099 464 Et&

245 481 490 525 dicendum
518 490 597 538 est,
626 480 749 539 quod
778 480 976 540 aliquem
1003 480 1217 525 effectum
1242 481 1426 536 habent,
1454 480 1714 526 differenter
1743 491 1899 526 tamen
1931 482 1985 526 ab
2011 479 2112 541 ipso
2114 467 2213 529 Ἒαε

244 548 438 607 ptism03
455 561 564 591 nam
583 562 663 605 per
678 548 956 605 baptismum
980 546 1111 592 datur
1127 548 1308 593 homini
1330 549 1474 608 gratia
1493 548 1548 592 ad
1566 547 1750 606 plenam
1779 547 2100 594 remissionem
2120 543 2212 594 cul-

244 629 428 674 parum:
462 629 542 673 per
574 628 626 658 ea
658 628 784 669 vero,
817 629 933 674 quae
958 615 1005 659 in
1032 616 1290 660 exorcismo
1324 625 1531 674 aguntur,
1566 614 1817 660 excluditur
1847 615 1996 676 duplex
2026 615 2213 675 impedi-

246 692 453 725 mentum
489 681 696 725 salutaris
734 683 905 741 gratiae
944 682 1286 742 percipiendae:
1325 697 1522 742 quorum
1559 697 1690 726 unum
1724 693 1791 726 est
1831 680 2211 742 impedimentum

246 749 565 803 extrinsecum,
598 759 733 808 prout
766 749 1017 794 daemones
1049 750 1252 794 hominis
1285 750 1480 794 salutem
1511 749 1731 807 impedire
1765 758 2011 804 conantur-3
2047 758 2092 794 et
2119 749 2211 793 hoc

245 816 627 874 impedimentum
660 816 912 860 excluditur
943 831 1024 877 per
1055 817 1406 871 exsufflationes,
1439 817 1600 876 quibus
1634 826 1835 875 potestas
1861 816 2100 861 daemonis
2123 815 2214 875 pel-

246 883 366 936 litur,
400 893 450 926 ut
485 892 609 942 patet
646 898 701 927 ex
736 883 921 928 inducta
964 885 1232 941 auctoritate
1259 885 1524 944 Augustini,
1557 895 1776 944 quantum
1810 882 1984 928 scilicet
2021 883 2076 927 ad
2106 882 2215 937 hoc,

248 949 370 1009 quod
396 964 491 994 non
509 959 708 1009 praestet
731 950 1115 1010 impedimentum
1141 962 1431 996 sacramento
1453 951 1767 1011 suscipiend03
1791 959 1947 996 manet
1961 960 2119 995 tamen
2137 963 2217 1011 po-

247 1027 386 1062 testas
413 1017 652 1062 daemonis
677 1017 725 1061 in
746 1018 950 1072 homine,
978 1029 1199 1078 quantum
1219 1020 1273 1063 ad
1298 1018 1528 1063 maculam
1545 1019 1736 1079 peccati,
1761 1014 2002 1072 etsreatum
2023 1030 2215 1077 poenae,

250 1098 489 1144 quousque
521 1095 763 1144 peccatum
796 1100 876 1145 per
907 1086 1185 1145 baptismum
1227 1085 1439 1141 tollatur;
1474 1097 1518 1131 et
1550 1086 1803 1131 secundum
1834 1086 1926 1130 hoc
1961 1085 2218 1150 Cyprianus

252 1151 362 1195 dicit
391 1151 526 1210 (epist.
545 1165 584 1211 7.
612 1152 682 1196 lib.
699 1166 742 1210 4.
770 1167 797 1197 a
822 1153 976 1211 med.):
1010 1169 1033 1194 ε(
1052 1153 1195 1207 Scias,
1215 1153 1384 1197 diaboli
1400 1154 1651 1213 nequitiam
1669 1167 1802 1212 posse
1820 1166 2056 1197 remanere
2072 1166 2216 1211 usque

251 1219 307 1263 ad
334 1233 502 1278 aquam
529 1218 789 1273 salutarem,
816 1220 862 1263 in
888 1220 1116 1279 baptismo
1136 1230 1289 1264 autem
1308 1235 1497 1264 omnem
1521 1221 1771 1280 nequitiam
1797 1220 2002 1264 amittere
2021 1235 2062 1265 ι).
2084 1217 2218 1264 Aliud

249 1285 632 1345 impedimentum
660 1297 727 1331 est
760 1287 1072 1341 intrinsecum,
1091 1297 1225 1346 prout
1246 1287 1421 1331 scilicet
1445 1288 1590 1331 homo
1619 1302 1673 1331 ex
1704 1287 1959 1337 infectionev
1985 1284 2218 1345 originalis

250 1353 426 1412 peccati
451 1353 590 1397 habet
614 1367 773 1398 sensus
791 1353 1052 1413 praeclusos
1072 1355 1126 1397 ad
1144 1354 1435 1414 percipienda
1453 1353 1586 1398 saluti
1604 1354 1843 1413 mysteria3
1870 1353 1990 1398 unde
2006 1352 2220 1397 Rabanus

250 1420 306 1464 de
339 1421 628 1465 Institutione
661 1421 951 1466 Clericorum
979 1420 1072 1478 (lib.
1096 1437 1131 1466 1.
1159 1429 1236 1481 cap
1262 1434 1329 1480 27.
1357 1421 1411 1465 ad
1431 1422 1533 1480 fin.)
1562 1420 1683 1475 dicit,
1716 1420 1841 1480 quod
1875 1434 1997 1479 «per
2028 1418 2220 1465 salivam

250 1487 467 1547 typicam,
495 1498 540 1532 et
564 1488 814 1533 sacerdotis
831 1498 1005 1533 tactum
1031 1488 1267 1548 sapientia,
1291 1498 1336 1532 et
1360 1488 1500 1532 virtus
1518 1488 1669 1532 divina
1688 1487 1883 1533 salutem
1903 1485 2224 1533 catechumeni

252 1565 479 1614 operatur,
506 1565 555 1599 ut
581 1556 839 1614 aperiantur
862 1555 903 1599 ei
919 1570 1051 1604 nares
1079 1556 1135 1599 ad
1152 1555 1496 1615 percipiendum
1519 1555 1712 1609 odorem
1727 1555 1918 1600 notitiae
1933 1554 2037 1611 Dei,
2055 1563 2107 1600 ut
2120 1567 2223 1614 ape-

251 1623 424 1667 riantur
451 1622 494 1666 ei
521 1637 650 1666 aures
677 1623 732 1666 ad
760 1622 1037 1667 audiendum
1065 1622 1282 1667 mandata
1313 1622 1417 1676 Dei,
1450 1633 1499 1666 ut
1530 1622 1788 1681 aperiantur
1812 1621 1878 1667 illi
1904 1635 2063 1667 sensus
2083 1620 2132 1665 in
2155 1620 2220 1665 in·

250 1690 366 1734 timo
395 1689 534 1734 corde
557 1690 612 1733 ad
639 1690 1069 1749 respondendum».

341 1757 417 1801 AD
444 1770 632 1802 PRIMUM
659 1771 770 1816 ergo
798 1757 1057 1812 dicendum,
1075 1757 1197 1816 quod
1223 1771 1304 1816 per
1321 1771 1375 1801 ea
1401 1770 1518 1816 quae
1545 1766 1740 1815 aguntur
1764 1756 1812 1800 in
1834 1754 2108 1810 exorcismo,
2124 1767 2223 1799 non

252 1823 428 1868 tollitur
453 1823 601 1883 culpa,
628 1834 812 1884 propter
838 1839 977 1884 quam
1003 1825 1149 1869 homo
1167 1824 1350 1884 punitur
1362 1833 1466 1883 post
1491 1834 1705 1877 mortem,
1725 1822 1804 1868 sed
1821 1821 1973 1867 solum
1997 1821 2222 1868 tolluntur
2309 1817 2315 1821 '⁴

255 1891 585 1950 impedimenta
616 1891 865 1951 recipiendi
890 1892 1212 1936 remissionem
1255 1890 1416 1950 culpae
1457 1905 1537 1949 per
1578 1899 1943 1936 sacramentum:
1975 1889 2097 1934 unde
2121 1898 2227 1949 post
2308 1933 2310 1935 ,

257 1969 456 2003 mortem
479 1959 762 2003 exorcismus
788 1974 882 2003 non
903 1959 1026 2003 valet
1052 1960 1147 2003 sine
1164 1959 1407 2018 baptismo.
1425 1958 1764 2017 Praepositivus
1784 1968 1939 2002 tamen
1957 1956 2080 2011 dicit,
2101 1955 2225 2016 quod
2300 1969 2302 1971 ’

256 2026 385 2085 pueri
410 2026 668 2080 exorcizati,
694 2027 733 2070 si
765 2027 1020 2071 moriantur
1046 2036 1150 2071 ante
1175 2027 1468 2085 baptismum,
1501 2026 1705 2070 minores
1731 2025 1941 2070 tenebras
1966 2024 2226 2084 patiunturt

257 2093 336 2137 sed
361 2093 452 2137 hoc
479 2107 574 2136 non
599 2093 777 2137 videtur
800 2108 976 2147 verum,
1014 2094 1119 2153 quia
1152 2094 1365 2138 tenebrae
1390 2092 1496 2137 illae
1523 2103 1627 2137 sunt
1653 2092 1854 2138 carentia
1885 2092 2065 2137 divinae
2094 2090 2230 2136 visio·
2294 2115 2314 2141 ς

257 2161 342 2215 nis,
370 2174 484 2219 quae
510 2174 604 2204 non
631 2161 792 2220 recipit
814 2162 976 2220 magis,
1001 2171 1046 2205 et
1071 2161 1237 2206 minus.

348 2229 424 2272 AD
452 2241 713 2273 SECUNDUM
740 2229 998 2283 dicendum,
1025 2229 1148 2288 quod
1176 2229 1231 2272 de
1257 2229 1433 2272 ratione
1460 2227 1735 2273 sacramenti
1762 2237 1843 2283 est,
1870 2227 1992 2288 quod
2009 2226 2231 2288 percipiat
2292 2228 2317 2282 s?

258 2295 557 2356 principalem
585 2295 813 2351 effectum,
837 2297 914 2356 qui
940 2307 1008 2341 est
1034 2296 1178 2355 gratia
1202 2296 1437 2340 remittens
1465 2295 1662 2355 culpam,
1688 2295 1763 2339 vel
1782 2294 1997 2355 supplens
2030 2292 2230 2354 aliquem

258 2364 460 2408 hominis
487 2362 740 2407 defectum:
769 2365 890 2423 quod
918 2364 1102 2423 quidem
1128 2377 1223 2408 non
1248 2363 1299 2407 fit
1324 2377 1404 2422 per
1430 2377 1498 2417 ea,
1525 2377 1642 2422 quae
1669 2371 1865 2422 aguntur
1879 2361 1927 2406 in
1944 2359 2228 2407 exorcismo:
2293 2404 2295 2406 .

259 2431 339 2477 sed
365 2430 518 2475 solum
548 2430 813 2489 hujusmodi
843 2428 1172 2490 impedimenta
1207 2429 1450 2487 tolluntur}
1478 2440 1523 2474 et
1546 2429 1651 2474 ideo
1677 2443 1772 2473 non
1798 2439 1902 2474 sunt
1927 2419 2247 2482 sacramenta(

260 2499 339 2544 sed
366 2498 716 2542 sacramentalia
739 2496 2312 2559 quaedam.

350 2565 427 2610 AD
451 2577 667 2610 TERTIUM
693 2565 953 2619 dicendum,
985 2564 1107 2642 quod
1141 2564 1379 2641 dispositio
1415 2563 1643 2608 sufficiens
1677 2564 1732 2608 ad
1764 2562 2103 2624 suscipiendam
2129 2575 2236 2622 gra·
2294 2583 2315 2608 ι,

259 2633 371 2678 tiam
387 2631 722 2691 baptismalem,
749 2642 816 2676 est
841 2631 968 2686 fides,
1000 2642 1044 2676 et
1069 2632 1274 2686 intentio,
1291 2630 1365 2675 vel
1390 2631 1573 2690 propria
1599 2632 1696 2690 ejus
1723 2632 1800 2691 qui
1824 2631 2090 2691 baptizatur,
2108 2631 2148 2675 si
2172 2628 2238 2677 sii:v
2279 2632 2296 2686 ’ξ

266 2699 459 2753 adultus,
485 2699 594 2744 vel
582 2699 723 2758 ipsius
749 2698 1000 2753 Ecclesiae,
1027 2699 1064 2743 si
1086 2699 1144 2743 sit
1175 2698 1402 2758 parvulus.
1430 2698 1495 2742 Ea
1522 2713 1632 2743 vero
1666 2713 1782 2758 quae
1810 2708 2005 2758 aguntur
2035 2698 2083 2742 in
2108 2705 2234 2742 exor-
2279 2700 2305 2758 ᾗ

266 2767 429 2822 cismo,
456 2767 722 2811 ordinantur
749 2766 805 2810 ad
837 2766 1168 2810 removendum
1191 2766 1542 2825 impedimenta3
1566 2776 1610 2809 et
1642 2766 1746 2810 ideo
1773 2766 1871 2810 sine
1898 2779 1955 2811 eo
1981 2773 2134 2825 potest
2158 2762 2239 2809 ali-⁷

267 2837 366 2895 quis
394 2834 614 2893 consequi
640 2833 853 2878 effectum
870 2833 1106 2892 baptismi:
1125 2847 1219 2877 non
1237 2843 1390 2877 tamen
1410 2842 1513 2877 sunt
1529 2833 1796 2891 hujusmodi
1820 2830 2235 2893 praetermittendt',

266 2903 354 2947 nisi
394 2902 441 2946 in
483 2900 766 2946 necessitatis
800 2899 1016 2945 articulo:
1044 2909 1087 2944 et
1127 2910 1234 2944 tunc
1270 2910 1473 2944 cessante
1500 2900 1719 2960 periculo,
1752 2900 1918 2945 debent
1939 2898 2156 2959 suppleri,
2185 2905 2236 2944 ut

267 2980 470 3015 servetur
495 2968 819 3013 uniformitas
809 2982 854 3011 1n
895 2967 1137 3025 baptismo.
1170 2967 1268 3011 Nec
1302 2966 1463 3011 frustra
1502 2966 1766 3026 supplentur
1798 2976 1905 3027 post
1942 2965 2244 3026 baptimm'

267 3038 374 3098 quia
400 3038 517 3082 sicut
542 3036 786 3095 impeditur
814 3034 1001 3079 effectus
1029 3035 1256 3092 baptismi,
1291 3044 1535 3094 antequam
1567 3035 1863 3095 percipiatur3
1895 3034 1958 3079 ita
1979 3041 2132 3094 potest
2154 3027 2250 3079 ini-³5
2341 3044 2352 3066 ’-

268 3105 425 3165 pediri,
453 3113 695 3164 postquam
721 3102 856 3147 fuerit
882 3111 1133 3161 perceptus.
2169 3099 2217 3134 ²⁴2⁹*
2223 3096 2285 3132 ἱ*
2262 3127 2290 3155 „3
2325 3145 2334 3153 ί,

360 3173 435 3215 AD
455 3184 692 3223 QUARTUM
719 3169 979 3223 dicendum,
1006 3168 1127 3228 quod
1147 3183 1306 3212 eorum
1333 3184 1447 3228 quae
1476 3179 1671 3228 aguntur
1690 3179 1795 3229 post
1809 3169 2088 3229 baptismum
2115 3146 2270 3215 cita*
2273 3163 2301 3212 ζ
2327 3186 2352 3208 s

267 3239 560 3318 baptizatum,
589 3237 756 3297 aliquid
785 3247 864 3291 est,
893 3236 1013 3295 quod
1040 3250 1133 3279 non
1153 3235 1302 3279 solum
1331 3236 1569 3294 significat,
1598 3237 1675 3281 sed
1705 3235 1864 3291 efficit;
1882 3244 1990 3296 puta
2014 3234 2124 3280 inun
2128 3232 2263 3352 ἃ
2264 3222 2288 3267 ῗ·

269 3321 384 3365 quae
403 3306 487 3350 fit
477 3321 521 3349 m
539 3306 723 3358 vertice,
746 3318 862 3364 quae
881 3313 1090 3363 operatur
1110 3303 1507 3347 conservationem
1533 3306 1704 3362 gratiae
1730 3301 2038 3364 baptismalis:
2064 3301 2156 3362 aliq

274 3384 426 3417 autem
454 3383 534 3427 est,
562 3372 682 3432 quod
710 3371 824 3415 nihil
847 3370 997 3425 efficit,
1034 3370 1111 3414 sed
1139 3370 1288 3413 solum
1313 3371 1560 3429 significat,
1588 3373 1706 3416 sicut
1731 3370 1853 3431 quod
1876 3370 2008 3454 datur
2033 3368 2075 3415 ei
2100 3362 2275 3422 ves&

274 3442 466 3486 candida
495 3443 550 3486 ad
577 3440 929 3501 significandum
952 3439 1201 3484 novitatem
1229 3438 1362 3483 vitae.
