2352 3926
641 219 920 266 QUAESTIO
962 221 1011 260 L.
1054 219 1359 261 ART1cuLus
1398 219 1470 257 1v.
1928 218 2033 272 429

2 344 20 375 ¹,
79 321 232 372 &duo
255 321 498 370 hominem
521 319 675 377 fixisse,
701 321 902 367 dicentes
928 322 1113 382 quidem
1139 321 1275 366 verba
1303 334 1508 374 erronea,
1539 319 1619 364 sed
1651 333 1837 365 sensum
1871 319 2037 364 erroris

79 384 418 437 nonhabentes
442 388 489 433 in
516 387 628 434 fide:
654 389 772 434 sicut
798 390 936 449 Hugo
964 390 1019 434 de
1045 389 1216 433 Sancto
1238 387 1441 442 Victore,
1469 387 1545 446 qui
1572 388 1668 445 (lib.
1698 401 1739 433 2.
1771 386 1818 432 de
1844 387 2036 431 Sacram.

72 461 190 516 part.
225 471 261 502 1.
293 463 382 515 cap.
403 457 490 507 ιι.)
518 469 572 500 ea
598 456 773 500 ratione
816 456 925 500 dixit
968 455 1205 500 Christum
1241 455 1287 498 in
1328 454 1477 499 triduo
1516 454 1676 498 mortis
1716 452 1855 498 fuisse
1890 453 2039 497 homi-

78 536 201 577 nem,
217 523 323 582 quia
354 523 531 567 dicebat
562 523 764 567 animam
790 536 887 567 esse
914 523 1176 567 hominem:
1211 521 1332 580 quod
1365 531 1521 565 tamen
1549 531 1616 565 est
1641 520 1821 575 falsum,
1848 530 1898 564 ut
1922 519 1968 562 in
2002 532 2037 563 1.

7 618 29 638 ,-
79 599 314 641 ostensum
346 600 414 634 est
446 589 502 648 (q.
536 604 593 648 75.
626 597 708 634 art.
741 590 821 647 4.).
849 590 1065 648 Magister
1098 589 1235 633 etiam
1271 589 1540 631 Sententiar.
1569 589 1613 631 in
1642 601 1711 632 22.
1747 588 1847 632 dist.
1886 601 1924 647 3.
1958 585 2035 631 lib.

78 657 244 716 posuit,
274 657 398 716 quod
431 656 642 702 Christus
685 657 733 700 in
773 655 921 700 triduo
959 657 1119 701 mortis
1150 655 1234 699 fuit
1263 656 1408 699 homo
1441 655 1529 699 alia
1572 655 1770 708 ratione3
1802 654 1908 714 quia
1941 667 2033 698 cre-

78 724 204 778 didit,
230 726 352 783 quod
380 724 488 768 unio
516 724 711 778 animae,
738 733 783 767 et
808 726 955 768 carnis
982 737 1076 767 non
1115 733 1233 767 esset
1275 722 1331 766 de
1371 722 1542 767 ratione
1583 722 1800 775 hominis,
1838 721 1916 766 sed
1952 718 2040 764 suf-

77 791 234 838 ficeret
259 791 315 836 ad
347 791 436 836 hoc
463 791 586 850 quod
618 790 787 849 aliquid
819 791 876 834 sit
908 791 1070 844 homo,
1103 790 1225 848 quod
1258 789 1425 833 habeat
1458 789 1660 833 animam
1692 789 1960 842 humanam,
1994 798 2037 832 et

79 872 261 918 corpus,
285 858 379 903 sive
405 859 663 915 conjuncta,
690 857 785 902 sive
808 870 902 901 non
930 858 1196 915 conjuncta:
1224 856 1346 915 quod
1371 858 1509 900 etiam
1532 866 1656 914 patet
1678 870 1776 900 esse
1795 855 1961 899 falsum
1985 869 2038 899 ex

77 925 165 979 ἰὼ,
190 939 306 985 quae
339 925 459 969 dicta
484 935 588 968 sunt
620 926 666 968 in
703 938 737 968 1.
766 924 865 981 (loc.
899 926 1004 983 cit),
1038 935 1083 969 et
1114 938 1167 968 ex
1198 924 1269 968 his
1312 938 1428 982 quae
1455 938 1590 983 supra
1627 924 1747 968 dicta
1779 933 1884 967 sunt
1918 922 2039 966 circa

78 992 271 1039 modum
301 991 483 1037 unionis
509 992 570 1050 (q.
596 1006 636 1036 2.
670 998 753 1037 art.
776 992 848 1050 5.).

114 1092 123 1105 .
155 1059 246 1105 AD
274 1069 462 1107 PRIMUM
493 1072 605 1117 ergo
632 1059 890 1113 dicendum,
917 1058 1040 1118 quod
1066 1058 1270 1103 Verbum
1296 1059 1384 1103 Dei
1412 1060 1612 1117 suscepit
1638 1058 1855 1111 animam,
1879 1067 1924 1102 et
1942 1071 2038 1101 car-

77 1139 186 1175 nem
210 1126 407 1172 unitam:
435 1136 478 1171 et
498 1126 601 1170 ideo
620 1125 698 1170 illa
716 1127 943 1185 susceptio
961 1125 1067 1170 fecit
1084 1126 1237 1170 Deum
1259 1126 1514 1179 hominem,
1533 1135 1578 1169 et
1598 1125 1839 1169 hominem
1859 1125 2036 1169 Deum:

75 1206 173 1239 non
197 1203 351 1244 autem
376 1193 571 1239 cessavit
596 1192 673 1237 illa
705 1193 934 1252 susceptio
961 1208 1042 1253 per
1073 1194 1410 1252 separationem
1443 1193 1583 1237 Verbi
1617 1193 1671 1237 ab
1709 1194 1874 1247 anima,
1907 1191 1982 1236 vel
2014 1206 2039 1235 a

76 1270 236 1309 came:
263 1260 456 1305 cessavit
479 1270 634 1305 tamen
660 1261 768 1304 unio
795 1260 958 1314 carnis,
985 1271 1030 1305 et
1061 1261 1255 1305 animae.

165 1327 243 1372 AD
276 1340 535 1373 SECUNDUM
569 1326 828 1380 dicendum,
861 1328 983 1386 quod
1015 1328 1162 1372 homo
1189 1328 1353 1372 dicitur
1381 1342 1480 1373 esse
1508 1342 1615 1372 suus
1640 1327 1913 1381 intellectus,
1944 1340 2040 1371 non

78 1395 183 1454 quia
210 1393 466 1439 intellectus
491 1394 548 1439 sit
571 1404 694 1439 totus
720 1395 882 1448 homo,
908 1395 986 1439 sed
1014 1395 1119 1454 quia
1146 1394 1404 1440 intellectus
1432 1405 1501 1440 est
1525 1394 1819 1454 principalior
1840 1408 1943 1454 pars
1959 1394 2040 1439 ho-

78 1461 230 1517 minis,
256 1461 304 1505 in
330 1475 421 1521 quo
446 1461 697 1506 virtualiter
723 1462 930 1507 consistit
960 1471 1057 1506 tota
1090 1462 1329 1522 dispositio
1355 1462 1578 1507 hominis:
1606 1462 1723 1506 sicut
1744 1462 1783 1506 si
1807 1472 1958 1506 rector
1984 1461 2042 1505 ci-

77 1528 430 1580 vitatisdicatur
453 1538 551 1573 tota
577 1529 749 1583 civitas,
776 1529 882 1588 quia
908 1529 954 1573 in
978 1543 1034 1574 eo
1058 1530 1264 1574 consistit
1289 1539 1386 1574 tota
1412 1530 1647 1589 dispositio
1681 1529 1886 1574 civitatis.
1949 1525 1954 1528 ’

168 1596 245 1640 AD
272 1607 489 1641 TERTIUM
515 1596 775 1650 dicendum,
801 1596 924 1655 quod
957 1611 1055 1640 esse
1088 1597 1376 1641 sacerdotem
1409 1596 1624 1640 convenit
1653 1596 1830 1640 homini
1863 1598 2040 1640 ratione

80 1665 276 1717 animae,
300 1663 349 1708 in
375 1678 464 1722 qua
490 1674 558 1708 est
582 1664 752 1708 ordinis
775 1664 1034 1719 character3
1057 1665 1176 1708 unde
1202 1679 1283 1723 per
1305 1673 1501 1708 mortem
1527 1664 1672 1707 homo
1689 1678 1783 1707 non
1805 1663 1951 1723 perdit
1972 1677 2040 1707 or-

81 1730 236 1776 dinem
258 1730 604 1785 sacerdotalem,
622 1741 667 1775 et
687 1730 833 1775 multo
862 1731 1011 1775 minus
1035 1731 1259 1785 Christus,
1279 1731 1356 1790 qui
1382 1740 1449 1775 est
1464 1731 1602 1776 totius
1624 1731 1868 1775 sacerdotii
1893 1730 2040 1789 origo.

783 1916 1221 1989 ,ARTICULUS
1253 1916 1322 1972 V.
1954 1930 2040 1974 280

152 2091 153 2094 =
206 2069 402 2109 UTRUM
440 2069 637 2108 FUERIT
678 2069 815 2107 IDEM
853 2068 1081 2108 NUMERO
1125 2067 1336 2106 CORPUS
1379 2066 1599 2106 CHRISTI
1638 2066 1912 2116 VIVENTIS,

886 2151 957 2190 ET
997 2150 1230 2189 MORTUI.

340 2275 519 2334 (Quodl.
544 2289 584 2321 2.
618 2282 700 2321 art.
733 2291 769 2321 1.
801 2281 838 2320 et
865 2275 1018 2333 Quodl.
1048 2291 1084 2335 3.
1118 2282 1198 2320 art.
1232 2289 1276 2333 4.
1316 2275 1370 2319 ad
1394 2291 1429 2320 1.
1463 2280 1500 2320 et
1519 2274 1673 2332 Quodl.
1700 2276 1780 2334 4.).

0 2438 3 2440 -
168 2402 245 2448 AD
263 2415 490 2453 QumTuu
516 2404 580 2447 sic
606 2402 878 2463 proceditur.
903 2402 1106 2457 Videtur,
1121 2402 1244 2462 quod
1261 2416 1355 2446 non
1374 2401 1506 2446 fuerit
1522 2401 1646 2446 idem
1662 2415 1854 2446 numero
1874 2415 2038 2459 corpus

0 2481 9 2519 ἴ
83 2469 488 2524 Εὴῑίεεὶ·νὶνεηῖί5,
514 2480 558 2515 et
583 2471 776 2516 mortui:
805 2470 1016 2516 Christus
1043 2471 1166 2515 enim
1187 2483 1293 2514 vere
1316 2479 1524 2514 mortuus
1539 2469 1636 2523 fuit,
1655 2470 1771 2514 sicut
1797 2479 1841 2513 et
1864 2469 1939 2513 alii
1960 2470 2041 2513 ho-

80 2537 227 2583 mines
252 2538 526 2585 moriuntur:
554 2537 634 2582 sed
666 2551 832 2597 corpus
859 2539 1187 2596 cujuscumque
1215 2536 1398 2581 alterius
1426 2537 1627 2581 hominis
1654 2550 1748 2581 non
1775 2547 1843 2580 est
1867 2535 2036 2595 simpli·

4 2601 7 2623 ³
79 2603 190 2649 citer
209 2603 335 2657 idem
361 2618 554 2649 numero
580 2615 828 2658 mortuum,
855 2616 900 2648 et
923 2605 1104 2659 vivum3
1131 2604 1237 2663 quia
1262 2603 1474 2660 differunt
1500 2603 1727 2648 essentiali
1753 2602 2033 2658 differentia3

82 2684 364 2730 ergo-neque
389 2685 552 2731 corpus
578 2671 751 2717 Christi
778 2682 845 2717 est
869 2671 1135 2730 simpliciter
1160 2671 1283 2715 idem
1309 2685 1503 2716 numero
1530 2681 1779 2725 mortuum,
1803 2681 1846 2716 et
1867 2671 2040 2715 vivum.

171 2749 213 2783 2.
237 2737 534 2792 PRAETEREA.
562 2738 827 2784 Secundum
855 2738 1190 2798 Philosophum
1215 2738 1261 2782 in
1294 2752 1331 2796 5:
1356 2739 1558 2797 Metaph.
1585 2739 1688 2796 (tex.
1722 2739 1823 2796 12.)‚
1861 2754 1885 2779 «
1909 2753 2042 2796 quae-

39 2827 42 2830 *
83 2818 280 2863 cumque
304 2813 408 2849 sunt
432 2805 608 2851 diversa
632 2806 798 2865 specie,
818 2816 922 2851 sunt
943 2807 1082 2850 etiam
1100 2806 1275 2850 diversa
1293 2820 1486 2850 numero
1509 2821 1559 2849 »ε
1588 2807 1667 2850 sed
1686 2820 1851 2865 corpus
1870 2805 2042 2850 Christi

12 2874 14 2876 ’
81 2872 251 2924 vivum,
280 2880 324 2915 et
359 2881 590 2916 mortuum
614 2872 698 2917 fuit
723 2874 951 2917 diversum
985 2874 1157 2932 specie:
1186 2873 1291 2932 quia
1316 2887 1410 2917 non
1438 2873 1600 2917 dicitur
1633 2873 1807 2926 oculus,
1836 2882 1912 2916 aut
1934 2885 2040 2915 caro

82 2938 266 2991 mortui,
291 2937 379 2982 nisi
405 2938 668 2997 aequivoce,
694 2950 742 2985 ut
766 2950 889 2999 patet
921 2955 1000 2999 per
1031 2939 1367 2998 Philosophum
1400 2941 1445 2983 in
1479 2954 1518 2984 2.
1553 2940 1607 2984 de
1640 2941 1809 2984 Anima
1838 2941 1937 2994 (tex.
1962 2940 2040 2997 9.),

19 3002 28 3010 ⁷
83 3016 128 3050 et
151 3005 198 3049 in
225 3019 264 3063 7.
293 3004 492 3063 Metaph.
516 3005 614 3062 (tex.
638 3007 739 3064 35.)‚·
768 3021 879 3066 ergo
907 3021 1072 3067 corpus
1102 3007 1274 3052 Christi
1300 3022 1393 3051 non
1419 3006 1503 3051 fuit
1525 3007 1790 3065 simpliciter
1815 3006 1938 3050 idem
1964 3020 2041 3048 nu-

16 3073 29 3131 Ξ
82 3086 212 3116 mero
238 3072 407 3125 vivum,
436 3081 479 3115 et
506 3082 753 3117 mortuum.

18 3134 27 3152 '³
175 3153 212 3198 3.
238 3139 534 3183 PRAETEREA.
562 3138 687 3183 Mors
713 3150 780 3183 est
806 3141 1037 3200 corruptio
1066 3141 1314 3200 quaedam:
1344 3141 1420 3185 sed
1449 3140 1560 3184 illud
1589 3140 1709 3199 quod
1738 3139 2042 3196 corrumpitur

21 3209 32 3260 J}
83 3206 371 3265 corruptione
390 3205 685 3259 substantiali,
702 3217 944 3266 postquam
963 3220 1226 3267 corruptum
1250 3218 1331 3261 est,
1353 3209 1444 3264 jam
1464 3222 1557 3252 non
1576 3217 1665 3252 est:
1689 3208 1792 3264 quia
1811 3205 2042 3264 corruptio

83 3282 151 3318 est
175 3273 367 3317 mutatio
401 3273 454 3315 ab
488 3286 585 3316 esse
620 3272 675 3315 ad
706 3286 799 3316 non
832 3287 955 3328 esse3
990 3288 1154 3333 corpus
1188 3289 1297 3333 ergo
1327 3274 1512 3327 Christi,
1540 3283 1781 3332 postquam
1809 3282 2043 3316 mortuum

27 3369 31 3372 ‹
79 3337 178 3395 fuit,
202 3353 297 3384 non
323 3339 539 3385 remansit
564 3339 687 3383 idem
712 3353 921 3394 numero,
950 3354 1053 3385 cum
1081 3356 1205 3385 mors
1233 3343 1289 3386 sit
1313 3341 1621 3385 substantialis
1650 3340 1895 3398 corruptio.

0 3450 1 3461 ,
27 3449 41 3466 ί,
174 3406 268 3452 SED
300 3420 495 3452 CONTRA
522 3417 602 3459 est,
629 3406 750 3464 quod
778 3407 1054 3452 Athanasius
1081 3408 1190 3452 dicit
1222 3409 1268 3451 in
1302 3407 1493 3467 epistola
1527 3408 1582 3450 ad
1617 3406 1875 3464 Epictetum
1906 3406 2040 3462 (circa

0 3504 2 3531 Ξ
28 3482 33 3507 5
82 3473 186 3518 med.
213 3479 250 3518 et
273 3475 445 3532 incipit:
474 3473 561 3531 Ego
588 3474 873 3530 arbitrabar):
907 3489 930 3514 «
954 3473 1242 3518 Circumciso
1271 3488 1478 3533 corpore,
1502 3483 1545 3517 et
1571 3483 1766 3531 portam,
1791 3483 1834 3516 et
1857 3473 2044 3516 mandu-

0 3582 2 3591 ,
28 3551 39 3567 ¹
84 3549 232 3595 cante,
258 3550 303 3587 et
326 3540 576 3594 laborante,
604 3549 648 3583 et
673 3540 718 3583 in
746 3539 872 3598 ligno
900 3538 1050 3594 affixo,
1078 3552 1175 3586 erat
1204 3541 1496 3601 impassibile,
1530 3550 1574 3584 et
1605 3541 1929 3599 incorporeum
1955 3541 2042 3584 Dei

32 3636 38 3647 -.
84 3605 314 3662 Verbum3
350 3606 442 3652 hoc
476 3616 571 3652 erat
603 3607 647 3650 in
681 3605 923 3665 sepulchro
949 3609 1150 3666 positum
1175 3622 1226 3652 »t
1261 3608 1341 3653 sed
1374 3620 1539 3665 corpus
1567 3606 1739 3651 Christi
1770 3607 1927 3651 vivum
1961 3606 2044 3651 fuit
