2352 3926
305 197 414 253 240
818 196 1097 243 QUAESTIO
1138 196 1308 236 XXVII.
1349 197 1659 237 ARTICULUS
1700 199 1753 238 V.

302 309 339 348 et
365 303 421 359 64
427 301 486 359 .).·
515 300 593 345 sed
616 301 757 345 Beata
778 300 924 358 Virgo
951 301 1250 363 postmodum
1275 302 1556 348 additionem
1583 303 1754 362 gratiae
1781 303 1993 364 suscepit,
2020 313 2064 349 et
2085 304 2268 370 quando

304 370 538 414 Christum
567 368 778 426 concepit
804 367 1020 426 (dictum
1018 378 1086 412 est
1102 369 1225 412 enim
1252 369 1363 414 Luc.
1386 383 1423 414 1.
1437 355 1647 430 :Spiritus
1661 370 1840 415 Sanctus
1855 373 2115 432 superveniet
2131 373 2178 416 in
2183 358 2267 431 te),

302 446 346 480 et
378 437 540 479 iterum
570 435 789 493 quando
778 449 824 478 1n
851 434 1047 493 gloriam
1074 445 1142 480 est
1174 447 1431 495 assumpta3
1455 451 1565 495 ergo
1587 437 1780 491 videtur,
1803 422 1925 496 quod
1946 452 2042 492 non
2062 438 2272 500 habuerit

300 505 346 548 in
373 518 454 547 sua
481 502 627 561 prima
653 501 1014 547 sanctificatione
1040 494 1369 562 plenitudinem
1397 505 1658 563 gratiarum.

393 585 428 629 3
448 570 744 613 PRAETEREA.
772 569 897 613 Deus
925 584 1020 614 non
1044 568 1154 615 facit
1189 570 1359 631 aliquid
1399 571 1576 627 frustra,
1604 581 1654 615 ut
1679 571 1843 615 dicitur
1883 571 1930 615 in
1961 585 1997 616 1.
2024 572 2081 617 de
2118 571 2268 641 Coelo

300 637 400 695 (tex.
423 651 486 695 32.
515 642 551 680 et
576 636 647 680 lib.
674 650 713 680 2.
742 643 821 681 tex.
844 638 970 696 59..)
994 637 1160 682 frustra
1186 648 1338 682 autem
1365 638 1596 682 habuisset
1622 637 1843 697 quasdam
1871 637 2038 697 gratias
2066 653 2173 684 cum
2196 631 2272 685 ea-

299 718 400 747 rum
427 717 561 746 usum
583 710 817 762 nunquam
837 705 1097 749 exercuerit:
1115 719 1210 748 non
1233 705 1356 749 enim
1378 705 1543 764 legitur
1565 715 1642 749 aut
1659 705 1882 762 docuisse,
1906 705 2029 766 quod
2053 715 2121 750 est
2142 715 2268 751 actus

300 770 570 829 sapientiae;
600 780 674 814 aut
701 770 921 815 miracula
946 771 1122 826 fecisse,
1150 773 1272 831 quod
1314 782 1381 817 est
1421 782 1547 816 actus
1590 772 1761 831 gratiae
1803 771 1941 831 gratis
1983 772 2140 828 datae3
2176 787 2271 818 non

300 837 437 897 igitur
462 837 619 880 habuit
644 836 973 896 plenitudinem
1000 839 1263 898 gratiarum.

392 904 486 948 SED
506 917 702 950 CONTRA
722 914 801 960 est,
819 906 941 965 quod
954 906 1160 964 Angelus
1184 906 1238 950 ad
1253 920 1355 950 eam
1375 906 1496 964 dixit,
1511 906 1621 951 Luc.
1640 920 1690 950 1.:
1711 907 1820 961 Ave,
1837 908 1976 965 gratia
1991 907 2133 968 plena,·
2149 908 2271 967 quod

303 969 541 1031 exponens
562 972 874 1032 Hieronymus
895 973 947 1023 „in
966 987 1100 1017 serm.
1115 973 1175 1018 ,de
1208 974 1538 1033 Assumptione
1555 975 1640 1029 (seu
1668 975 1781 1033 epist.
1800 973 1855 1017 ad
1878 971 2001 1018 Paul:
2026 980 2063 1019 et
2077 975 2270 1020 Eustoch.

301 1041 412 1084 inter
436 1047 500 1099 op.
527 1042 665 1098 reject.
691 1041 801 1084 inter
822 1043 964 1100 princ.
993 1047 1028 1085 et
1053 1041 1179 1099 med.)
1218 1041 1348 1084 dicit:
1387 1057 1409 1081 «
1437 1041 1560 1084 Bene
1588 1041 1731 1099 gratia
1757 1039 1907 1100 plena,
1941 1042 2047 1100 quia
2080 1043 2269 1086 caeteris

301 1120 379 1166 per
402 1116 550 1165 partes
577 1117 851 1166 praestatur;
875 1108 1048 1151 Mariae
1069 1122 1180 1151 vero
1204 1121 1251 1151 se
1274 1117 1419 1151 totam
1443 1107 1579 1151 simul
1595 1107 1757 1151 infudit
1779 1108 1950 1167 gratiae
1973 1107 2208 1167 plenitudo
2228 1126 2270 1154 ›>.

392 1173 678 1218 RESPONDEO
707 1174 964 1232 dicendum,
989 1175 1110 1234 quod
1134 1185 1304 1234 quanto
1329 1175 1498 1233 aliquid
1522 1175 1668 1232 magis
1693 1175 2026 1234 appropinquat
2047 1175 2270 1235 principio

301 1240 348 1285 in
390 1240 591 1300 quolibet
632 1256 814 1300 genere,
854 1253 981 1286 tanto
1025 1243 1170 1301 magis
1215 1243 1453 1302 participat
1486 1241 1700 1286 effectum
1731 1242 1852 1286 illius
1884 1243 2118 1302 principii:
2152 1243 2272 1287 unde

300 1307 551 1367 Dionysius
579 1308 687 1352 dicit
711 1321 752 1364 4.
782 1324 878 1368 cap.
909 1309 1040 1355 Coel.
1070 1310 1243 1353 Hierar.
1275 1309 1388 1366 (ante
1413 1309 1555 1367 med),
1595 1310 1716 1368 quod
1745 1309 1910 1367 angeli,
1938 1310 2015 1369 qui
2040 1320 2144 1354 sunt
2167 1311 2271 1354 Deo

300 1375 662 1434 propinquiores,
690 1377 836 1435 magis
863 1378 1134 1436 participant
1161 1377 1214 1420 de
1236 1377 1513 1419 bonitatibus
1533 1376 1710 1430 divinis,
1730 1390 1868 1435 quam
1884 1376 2123 1421 homines:
2143 1376 2274 1432 Chri-

300 1452 394 1486 stus
422 1452 575 1486 autem
603 1453 670 1487 est
695 1444 967 1502 principium
995 1445 1181 1502 gratiae,
1209 1443 1461 1487 secundum
1490 1443 1772 1487 divinitatem
1813 1443 1998 1502 quidem
2035 1436 2275 1489 auctorita-

300 1510 406 1564 tive,
432 1510 683 1554 secundum
709 1511 1043 1555 humanitatem
1069 1525 1179 1554 vero
1206 1510 1629 1554 instrumentaliter:
1658 1511 1777 1554 unde
1801 1520 1844 1554 et
1863 1511 1995 1568 Joan.
2022 1525 2059 1555 1.
2084 1510 2270 1557 dicitur:

306 1578 476 1631 Gratia,
505 1584 542 1622 et
566 1580 721 1622 veritas
742 1587 821 1637 per
841 1579 980 1635 Jesum
1007 1578 1224 1622 Christum
1243 1579 1366 1636 facta
1393 1584 1471 1622 est:
1501 1577 1642 1621 Beata
1669 1587 1821 1622 autem
1839 1577 1984 1638 Virgo
2007 1578 2152 1623 Maria
2174 1593 2275 1638 pro-

301 1644 598 1703 pinquissima
627 1644 813 1689 Christo
840 1646 923 1689 fuit
949 1646 1200 1690 secundum
1226 1645 1582 1699 humanitatem;
1610 1645 1716 1703 quia
1743 1659 1797 1689 ex
1825 1660 1878 1690 ea
1906 1645 2082 1705 accepit
2110 1645 2274 1690 huma-

301 1726 410 1755 nam
437 1722 662 1755 naturam.
690 1712 747 1756 Et
771 1713 874 1757 ideo
900 1727 1009 1772 prae
1037 1713 1225 1773 caeteris
1248 1713 1476 1771 majorem
1499 1712 1652 1756 debuit
1679 1727 1704 1755 a
1728 1712 1913 1757 Christo
1936 1711 2109 1772 gratiae
2134 1712 2275 1773 pleni-

299 1779 503 1823 tudinem
531 1779 749 1825 obtinere.

392 1847 468 1891 AD
494 1860 684 1892 PRIMUM
707 1862 816 1906 ergo
846 1847 1104 1901 dicendum,
1133 1847 1254 1907 quod
1272 1847 1516 1906 unicuique
1534 1861 1558 1889 a
1575 1847 1678 1890 Deo
1697 1846 1827 1891 datur
1845 1847 2003 1907 gratia,
2021 1847 2272 1892 secundum

302 1914 393 1957 hoc
422 1914 476 1958 ad
505 1915 626 1974 quod
654 1914 856 1973 eligitur:
887 1925 931 1959 et
957 1915 1062 1974 quia
1089 1915 1313 1968 Christus,
1340 1915 1610 1973 inquantum
1647 1924 1714 1958 est
1754 1914 1916 1969 homo,
1959 1914 2014 1958 ad
2053 1915 2146 1959 hoc
2186 1913 2272 1959 fuit

302 1982 674 2043 praedestinatus,
698 1993 742 2026 et
767 1981 951 2037 electus,
975 1992 1024 2026 ut
1050 1991 1168 2026 esset
1192 1981 1331 2025 Filius
1348 1981 1451 2034 Dei,
1474 1981 1519 2024 in
1542 1981 1706 2025 virtute
1728 1980 2056 2036 sanctificandi,
2077 1981 2169 2026 hoc
2190 1981 2275 2026 fuit

301 2049 387 2092 sibi
412 2049 661 2109 proprium,
686 2059 736 2093 ut
760 2050 948 2093 haberet
972 2049 1113 2093 talem
1154 2049 1483 2108 plenitudinem
1525 2048 1712 2107 gratiae,
1755 2048 1878 2108 quod
1919 2047 2192 2093 redundaret
2225 2049 2272 2093 in

304 2130 479 2169 omnes,
506 2116 759 2160 secundum
785 2117 907 2175 quod
935 2116 1098 2160 dicitur
1118 2116 1248 2174 Joan.
1282 2130 1342 2160 1.:
1380 2116 1447 2159 De
1465 2115 1722 2174 plenitudine
1747 2118 1833 2172 ejus
1858 2130 1932 2160 nos
1957 2131 2094 2160 omnes
2119 2118 2275 2176 accepi-

302 2198 419 2227 mus.-
448 2183 526 2227 sed
553 2183 693 2227 Beata
718 2183 864 2242 Virgo
892 2184 1035 2227 Maria
1062 2193 1237 2227 tantam
1274 2185 1444 2241 gratiae
1472 2182 1664 2226 obtinuit
1706 2182 2051 2246 plenitudinem,
2078 2193 2128 2228 ut
2153 2193 2273 2228 esset

302 2250 684 2309 propinquissima
712 2251 887 2295 auctori
921 2251 1113 2310 gratiae3
1140 2251 1202 2294 ita
1229 2250 1350 2309 quod
1385 2264 1504 2303 eum,
1532 2250 1609 2309 qui
1635 2260 1702 2294 est
1738 2250 1899 2309 plenus
1941 2251 2070 2296 omni
2112 2246 2270 2311 gratia,

270 2320 273 2322 ’
298 2318 348 2361 in
379 2332 429 2361 se
462 2319 696 2377 reciperet,
731 2328 775 2362 et
801 2333 906 2362 eum
925 2318 1160 2377 pariendo,
1184 2317 1531 2381 quodammodo
1556 2317 1750 2375 gratiam
1773 2318 1829 2362 ad
1852 2331 2014 2362 omnes
2036 2317 2272 2364 derivaret.

392 2385 467 2428 An
503 2398 764 2430 SECUNDUM
806 2386 1065 2439 dicendum,
1109 2385 1230 2444 quod
1272 2385 1319 2428 in
1352 2385 1483 2429 rebus
1515 2384 1796 2429 naturalibus
1818 2386 1963 2444 primo
1990 2386 2175 2446 quidem
2208 2395 2276 2431 est

303 2451 522 2512 perfectio
556 2453 885 2512 dispositionis:
914 2463 1022 2512 puta
1050 2468 1157 2496 cum
1183 2453 1373 2496 materia
1407 2462 1472 2496 est
1506 2451 1703 2511 perfecte
1728 2452 1783 2495 ad
1805 2451 2006 2506 formam
2032 2452 2273 2513 disposita:

302 2520 473 2565 seeundo
503 2530 655 2564 autem
683 2530 749 2564 est
775 2520 992 2580 perfectio
1019 2520 1211 2574 formae,
1239 2534 1355 2578 quae
1391 2529 1459 2564 est
1492 2519 1665 2578 potior:
1707 2534 1816 2563 nam
1843 2529 1887 2564 et
1912 2519 2008 2580 ipse
2051 2519 2179 2581 calor
2209 2531 2277 2565 est

304 2586 561 2647 perfectior,
589 2588 665 2647 qui
691 2588 902 2646 provenit
928 2602 982 2631 ex
1007 2587 1155 2631 forma
1182 2588 1314 2646 ignis,
1342 2602 1479 2645 quam
1503 2586 1594 2640 ille,
1612 2586 1688 2645 qui
1706 2586 1761 2630 ad
1779 2586 1976 2631 formam
1994 2586 2111 2646 ignis
2129 2587 2276 2647 dispo-

304 2655 469 2699 nebat:
499 2658 618 2699 tertio
646 2665 799 2699 autem
827 2665 893 2699 est
921 2654 1139 2714 perfectio
1179 2655 1303 2699 finis:
1342 2655 1458 2698 sicut
1493 2654 1611 2712 ignis
1649 2653 1976 2712 perfectissime
2007 2653 2146 2699 habet
2174 2668 2276 2714 pro·

305 2722 424 2782 prias
452 2721 704 2780 qualitates,
733 2736 835 2765 cum
874 2723 927 2765 ad
962 2722 1117 2766 locum
1151 2737 1285 2766 suum
1317 2721 1595 2780 pervenerit:
1631 2731 1675 2764 et
1706 2720 1914 2765 similiter
1945 2721 1992 2765 in
2014 2721 2155 2766 Beata
2176 2721 2275 2765 Vir-

305 2790 410 2848 gine
442 2788 526 2833 fuit
549 2790 700 2849 triplex
721 2789 939 2849 perfectio
967 2790 1159 2848 gratiae:
1182 2791 1328 2849 prima
1355 2789 1542 2847 quidem
1569 2788 1697 2847 quasi
1724 2788 2003 2847 dispositiva,
2028 2803 2110 2848 per
2133 2803 2273 2848 quam

305 2857 575 2902 reddebatur
606 2857 773 2901 idonea
806 2857 861 2900 ad
894 2857 1000 2910 hoc,
1034 2857 1154 2916 quod
1188 2867 1308 2901 esset
1339 2866 1486 2900 mater
1520 2855 1715 2900 Christi:
1749 2865 1793 2899 et
1813 2855 1927 2900 haec
1949 2854 2034 2900 fuit
2054 2855 2272 2915 perfectio

306 2923 700 2969 sanctificationis:
723 2924 896 2969 secunda
931 2934 1081 2968 autem
1107 2923 1322 2982 perfectio
1347 2923 1518 2982 gratiae
1545 2922 1627 2966 fuit
1652 2923 1697 2966 in
1718 2922 1856 2966 Beata
1873 2921 2062 2982 Virgine
2080 2936 2135 2966 ex
2151 2936 2275 2982 prae·

304 2991 448 3036 sentia
474 2991 576 3035 Filii
601 2992 690 3035 Dei
715 2991 761 3035 in
789 2993 884 3050 ejus
918 3002 1046 3035 utero
1069 2991 1315 3034 incarnati:
1344 2993 1465 3035 tertia
1492 3001 1645 3034 autem
1672 2999 1739 3034 est
1763 2988 1983 3049 perfectio
2001 2988 2117 3044 finis,
2134 3003 2274 3049 quam

304 3060 442 3104 habet
465 3060 511 3103 in
539 3059 709 3118 gloria;
737 3060 858 3118 quod
901 3069 1053 3103 autem
1095 3059 1293 3103 secunda
1335 3058 1553 3118 perfectio
1593 3058 1650 3102 sit
1681 3058 1834 3117 potior
1864 3072 2002 3117 quam
2035 3057 2196 3116 prima,
2229 3066 2275 3102 et

304 3127 436 3172 tertia
462 3141 599 3203 quam
627 3127 840 3180 secunda,
864 3136 986 3185 patet
1007 3126 1192 3185 quidem
1224 3141 1304 3170 uno
1333 3126 1452 3170 modo
1480 3140 1558 3185 per
1586 3124 1902 3182 liberationem
1930 3139 1955 3168 a
1981 3123 2130 3169 malo.
2163 3138 2273 3172 nam

300 3196 443 3254 primo
469 3194 515 3238 in
548 3208 629 3239 sua
661 3194 1019 3238 sanctificatione
1053 3193 1133 3237 fuit
1167 3192 1353 3236 liberata
1388 3207 1413 3235 a
1446 3192 1577 3251 culpa
1611 3190 1844 3259 originali:
1877 3190 2054 3236 secundo
2085 3191 2132 3235 in
2168 3204 2276 3256 con-

306 3262 514 3321 ceptione
547 3256 648 3308 Filii
679 3262 768 3306 Dei
799 3261 882 3305 fuit
912 3259 1112 3304 totaliter
1148 3275 1172 3303 a
1205 3259 1364 3304 fomite
1399 3260 1638 3303 mundata:
1674 3260 1793 3304 tertio
1826 3272 1937 3304 vero
1968 3258 2016 3303 in
2048 3258 2118 3303 sui
2139 3243 2273 3319 glori·

305 3329 518 3373 ficatione
544 3329 627 3374 fuit
652 3329 839 3374 liberata
866 3330 1003 3373 etiam
1039 3329 1092 3371 ab
1128 3329 1254 3371 omni
1287 3328 1492 3383 miseria3
1520 3329 1603 3371 alio
1631 3327 1752 3372 modo
1778 3341 1858 3389 per
1883 3327 2094 3372 ordinem
2119 3326 2175 3371 ad
2196 3326 2275 3371 bo-

306 3411 442 3442 num:
467 3411 575 3441 narn
599 3399 736 3457 primo
764 3397 809 3440 in
842 3411 922 3440 sua
955 3395 1312 3440 sanctificatione
1348 3395 1508 3453 adepta
1537 3405 1603 3439 est
1625 3395 1818 3454 gratiam
1840 3393 2138 3440 inclinantem
2169 3407 2273 3439 eam

308 3465 362 3507 ad
390 3465 585 3508 bonum:
613 3465 659 3508 in
688 3464 986 3523 conceptione
1015 3469 1147 3507 autem
1176 3462 1275 3506 Filii
1307 3462 1395 3506 Dei
1429 3471 1747 3506 consummata
1781 3470 1847 3506 est
1880 3461 1976 3520 ejus
1998 3460 2143 3521 gratia
2169 3473 2274 3505 con·

308 3531 493 3576 firmans
522 3547 623 3577 cam
651 3533 695 3576 in
722 3532 868 3576 bono:
904 3531 947 3574 in
980 3530 1048 3573 sui
1080 3544 1178 3573 vero
1207 3528 1539 3586 glorificatione
1575 3538 1895 3574 consummata
1917 3536 1986 3574 est
2006 3529 2101 3589 ejus
2127 3526 2272 3589 gratia

309 3601 546 3663 perficiens
582 3615 683 3645 eam
717 3600 761 3644 in
794 3598 1005 3643 fruitione
1040 3597 1189 3641 omnis
1221 3596 1342 3641 boni.
