2352 3926
627 249 902 297 QUAESTIO
941 249 1032 290 L11.
1073 249 1380 290 ARTICULUS
1420 249 1494 289 v1.
1935 252 2040 307 445

771 462 1204 520 ARTICULUS
1240 463 1336 518 VI.
1960 490 2040 536 291

138 598 334 638 UTRUM
362 597 627 638 CHRISTUS
656 597 899 644 ALIQUOS
927 596 1231 635 DAMNATOS
1260 596 1326 634 AB
1351 596 1587 636 INFERNO
1615 596 1991 635 LIBERAVERIT·

403 709 455 768 (3.
488 709 599 753 Dist.
632 723 696 753 21.
728 723 767 766 q.
800 722 841 752 2.
868 714 949 752 art.
976 722 1011 751 I..
1045 722 1083 766 q.
1116 721 1153 751 2.
1188 712 1225 751 et
1250 713 1386 766 opusc.
1410 721 1449 751 2.
1474 715 1567 767 cap.
1599 707 1733 764 241).

175 818 252 863 AD
278 830 471 863 SEXTUM
503 818 566 862 sic
593 817 866 876 proceditur.
898 817 1103 871 Videtur,
1130 818 1251 876 quod
1281 817 1491 862 Christus
1520 817 1696 876 aliquos
1723 818 1964 862 damnatos
1991 818 2044 861 ab

84 884 262 930 inferno
294 884 575 930 liberaverit:
611 885 774 928 dicitur
806 884 929 928 enim
956 885 1040 928 Isa.
1061 896 1138 939 24:
1168 884 1543 942 Congregabuntur
1575 888 1888 943 congregatione
1923 887 2047 929 unius

4 975 6 977 >
75 953 206 1013 salcis
236 954 280 996 in
306 952 461 1004 lacum,
489 958 527 996 et
547 951 792 996 claudentur
823 953 884 995 ibi
904 953 948 995 in
966 966 1146 1005 carcere,
1179 959 1218 996 et
1236 958 1328 1010 post
1359 953 1508 996 multos
1539 952 1621 996 dies
1641 954 1951 996 visitabuntur:
1977 951 2042 996 lo-

85 1021 236 1080 quitur
271 1026 423 1063 autem
457 1018 517 1061 ibi
551 1019 606 1062 de
639 1018 878 1071 damnatis,
912 1018 989 1076 qui
1022 1017 1231 1062 militiam
1267 1018 1387 1062 coeli
1419 1019 1742 1073 adoraverant&
1782 1030 1830 1063 ut
1856 1020 2044 1063 Hieron.

85 1085 298 1146 explicat:
326 1098 436 1142 ergo
461 1084 652 1139 videtur,
680 1084 801 1143 quod
829 1085 967 1128 etiam
990 1085 1207 1139 damnati,
1235 1085 1423 1129 Christo
1451 1085 1754 1130 descendente
1782 1087 1836 1130 ad
1862 1085 2046 1140 inferos,

85 1154 174 1198 sint
197 1152 385 1196 visitati:
420 1151 542 1211 quod
570 1152 624 1195 ad
658 1166 819 1195 eorum
851 1151 1168 1196 liberationem
1195 1152 1372 1196 videtur
1399 1153 1635 1211 pertinere.

174 1231 215 1263 2.
238 1219 534 1263 PRAETEREA.
563 1218 709 1278 Super
733 1218 843 1262 illud
871 1219 1116 1263 Zachariae
1149 1233 1214 1279 9.:
1249 1219 1312 1263 Tu
1339 1225 1475 1263 autem
1505 1221 1550 1263 in
1586 1220 1785 1277 sanguine
1820 1221 2048 1264 testamenti

85 1287 147 1332 tui
166 1285 342 1331 eduxisti
372 1287 531 1330 vinctos
561 1285 608 1330 de
639 1286 748 1339 lacu,
782 1287 827 1329 in
853 1300 931 1343 quo
967 1301 1050 1329 non
1074 1292 1164 1330 erat
1194 1301 1319 1345 aqua,
1344 1287 1451 1330 dicit
1480 1286 1907 1345 Gloss.(interlin.):
1930 1285 2046 1330 «Tu

85 1366 167 1397 eos
197 1351 410 1406 liberasti,
437 1352 515 1411 qui
540 1352 811 1396 tenebantur
827 1353 966 1396 vincti
995 1354 1265 1406 carceribus,
1288 1353 1361 1396 ubi
1389 1352 1514 1396 nulla
1540 1353 1854 1397 misericordia
1880 1367 1960 1397 eos
1985 1367 2050 1396 re-

0 1424 7 1474 i
70 1418 342 1478 'frigerabat,
369 1433 506 1478 quam
534 1420 658 1463 dives
676 1418 751 1463 ille
769 1419 948 1478 petebat
966 1434 1014 1463 »z
1034 1420 1111 1463 sed
1138 1419 1226 1464 soli
1257 1420 1460 1464 damnati
1477 1420 1770 1464 includuntur
1788 1421 2047 1465 carceribus

0 1502 9 1542 ς,
85 1486 254 1546 absque
270 1486 607 1540 misericordia3
635 1500 745 1543 ergo
765 1486 974 1531 Christus
1001 1486 1208 1531 liberavit
1240 1487 1417 1546 aliquos
1435 1487 1490 1531 de
1516 1486 1693 1531 inferno
1711 1487 2049 1531 damnatorum.

0 1541 13 1611 ἷξ
178 1568 215 1611 3.
242 1554 542 1599 PRAETEREA.
570 1554 781 1598 Potentia
811 1553 983 1598 Christi
1014 1568 1108 1598 non
1134 1553 1219 1598 fuit
1250 1554 1402 1597 minor
1420 1554 1465 1597 in
1498 1553 1692 1607 inferno,
1720 1568 1859 1612 quam
1883 1554 1931 1597 in
1956 1554 2048 1598 hoc

0 1615 11 1647 1
85 1621 286 1675 mundo;
320 1621 561 1680 utrobique
590 1621 713 1664 enim
742 1631 954 1678 operatus
989 1631 1056 1665 est
1089 1635 1168 1679 per
1193 1621 1446 1680 potentiam
1473 1635 1581 1665 suae
1605 1621 1870 1665 divinitatis:
1898 1621 2050 1673 sedin

9 1715 11 1717 -
78 1701 134 1732 oc
168 1689 341 1732 munio
370 1687 425 1732 de
453 1688 668 1746 quolibet
695 1697 816 1732 statu
851 1688 1042 1746 aliquos
1068 1687 1302 1741 liberavit;
1343 1702 1454 1746 ergo
1490 1688 1627 1731 etiam
1653 1688 1699 1731 in
1733 1687 1910 1731 inferno
1946 1686 2052 1732 libe-

0 1761 14 1799 t
86 1755 178 1800 avit
202 1754 380 1814 aliquos
412 1754 555 1799 etiarn
590 1755 646 1798 de
673 1763 790 1799 statu
825 1755 1161 1798 damnatorum.

176 1822 270 1867 SED
298 1834 495 1867 CONTRA
530 1831 611 1874 est,
641 1821 763 1880 quod
795 1821 958 1865 dicitur
986 1821 1139 1866 Oseae
1170 1835 1262 1880 13.:
1281 1822 1369 1866 Ero
1395 1814 1509 1865 mors
1541 1828 1627 1875 tua,
1663 1836 1685 1865 o
1717 1836 1844 1875 mors,
1889 1836 2050 1866 morsus

3 1923 20 1943 ;
85 1895 178 1934 tuus
201 1903 285 1943 ero,
322 1889 510 1946 inferne:
540 1887 692 1932 Gloss.
718 1889 917 1944 (interl.):
951 1905 974 1929 «
993 1887 1175 1932 Electos
1202 1888 1456 1942 educendo,
1483 1889 1700 1946 reprobos
1722 1889 1892 1932 ibidem
1919 1887 2051 1933 relin-

4 1958 29 2001 s
86 1956 269 2016 quendo
290 1971 342 2010 »3
368 1956 446 2000 sed
473 1954 560 1999 soli
585 1955 765 2014 reprobi
797 1965 902 1998 sunt
931 1956 978 1998 in
1010 1954 1187 1998 inferno
1222 1954 1570 2008 damnatorum;
1605 1969 1715 2014 ergo
1747 1970 1827 2014 per
1859 1955 2048 2000 descen-

86 2036 191 2068 sum
217 2022 391 2068 Christi
416 2022 471 2066 ad
497 2020 665 2066 inferos
691 2035 785 2066 non
811 2031 915 2066 sunt
943 2021 1082 2080 aliqui
1113 2021 1169 2064 de
1194 2021 1373 2065 inferno
1401 2022 1725 2065 damnatorum
1751 2022 1940 2066 liberati.

12 2084 17 2133 s
174 2089 465 2135 RESPONDEO
498 2089 756 2142 dicendum,
782 2089 919 2148 quod,
952 2089 1068 2133 sicut
1108 2102 1242 2147 supra
1276 2088 1449 2132 dictum
1491 2099 1558 2132 est
1589 2089 1693 2146 (art.
1710 2091 1892 2148 praec),
1915 2088 2050 2133 Chri-

86 2167 182 2214 stus
205 2156 488 2201 descendens
505 2156 561 2199 ad
582 2155 753 2200 inferos
770 2167 983 2214 operatus
1002 2165 1069 2199 est
1092 2155 1139 2199 in
1167 2157 1328 2199 virtute
1352 2170 1461 2199 suae
1483 2156 1719 2214 passionis.
1743 2156 1799 2199 Et
1821 2156 1924 2199 ideo
1953 2156 2050 2213 ejus

20 2241 43 2279 ,ν
87 2225 332 2270 descensus
359 2223 414 2267 ad
440 2222 610 2267 inferos
642 2222 731 2267 illis
758 2223 868 2266 solis
894 2222 1174 2267 liberationis
1199 2223 1391 2267 contulit
1416 2221 1629 2276 fructum,
1656 2222 1733 2281 qui
1754 2221 1934 2266 fuerunt
1955 2236 2053 2281 pas-

86 2291 206 2337 sioni
222 2290 396 2336 Christi
421 2290 655 2348 conjuncti
679 2303 758 2349 per
783 2289 920 2333 fidem
948 2290 1167 2333 charitate
1198 2291 1459 2342 formatam,
1486 2303 1566 2348 per
1592 2303 1731 2348 quam
1757 2299 1947 2348 peccata
1969 2288 2052 2332 tol-

16 2358 18 2360 ’
86 2358 252 2404 luntur.
285 2357 357 2402 Illi
373 2367 528 2401 autem
549 2359 626 2416 qui
659 2367 786 2401 erant
811 2357 857 2399 in
883 2355 1062 2400 inferno
1089 2357 1428 2410 damnatorum,
1461 2365 1536 2400 aut
1567 2357 1747 2415 penitus
1783 2356 1922 2400 fidem
1956 2369 2053 2414 pas-

87 2426 230 2471 sionis
257 2423 432 2469 Christi
451 2437 546 2468 non
567 2423 820 2468 habuerant
846 2423 985 2481 (sicut
1008 2422 1248 2477 infideles),
1263 2432 1338 2467 aut
1364 2423 1402 2467 si
1426 2423 1566 2467 fidem
1592 2423 1858 2476 habuerant,
1877 2422 2052 2467 nullam

21 2492 41 2540 ζῙ·
87 2491 460 2538 conformitatem
491 2490 720 2535 habebant
751 2491 808 2534 ad
849 2490 1118 2535 charitatem
1151 2490 1322 2534 Christi
1353 2490 1579 2549 patientis,
1613 2491 1732 2534 unde
1767 2505 1852 2534 nec
1886 2505 1912 2534 a
1947 2503 2052 2548 pec-

89 2559 202 2605 catis
228 2558 320 2603 suis
347 2567 476 2602 erant
499 2558 719 2601 mundati.
746 2557 803 2601 Et
827 2567 1012 2616 propter
1056 2558 1147 2601 hoc
1175 2557 1421 2601 descensus
1449 2556 1623 2601 Christi
1655 2557 1710 2600 ad
1743 2556 1913 2601 inferos
1955 2571 2050 2601 non

89 2625 284 2672 contulit
315 2625 379 2669 eis
404 2623 721 2668 liberationem
749 2639 774 2668 a
796 2634 923 2669 reatu
956 2638 1132 2682 poenae
1158 2623 1406 2668 infernalis.

178 2694 255 2738 An
280 2704 469 2737 PRIMUM
495 2704 606 2750 ergo
632 2692 891 2744 dicendum,
917 2691 1039 2750 quod
1067 2691 1254 2735 Christo
1282 2690 1586 2735 descendente
1611 2691 1666 2734 ad
1689 2689 1873 2745 inferos,
1889 2704 2051 2734 omnes

31 2774 35 2783 ³
90 2760 169 2820 qui
200 2768 329 2804 erant
352 2759 398 2802 in
425 2772 712 2817 quacumque
738 2769 863 2816 parte
890 2757 1067 2813 inferni,
1093 2767 1198 2802 sunt
1231 2757 1484 2816 aliqualiter
1515 2758 1710 2811 visitati;
1744 2757 1822 2801 sed
1864 2758 2049 2816 quidam

40 2838 45 2854 ³
91 2827 148 2872 ad
174 2840 304 2871 suam
346 2823 722 2878 consolationem,
755 2835 799 2869 et
840 2825 1172 2877 liberationem,
1200 2825 1386 2883 quidam
1422 2834 1574 2869 autem
1610 2825 1664 2868 ad
1693 2839 1823 2868 suam
1851 2824 2052 2869 confuta-

32 2906 43 2952 j
90 2894 280 2946 tionem,
308 2901 352 2935 et
384 2890 718 2945 confusionem,
744 2892 862 2935 sicut
893 2892 1108 2935 damnati.
1137 2892 1271 2935 Unde
1304 2891 1473 2935 ibidem
1507 2891 1729 2936 subditur:
1758 2893 1815 2936 Et
1854 2893 2052 2935 erubescet

91 2961 206 3014 luna,
233 2965 270 3004 et
286 2957 562 3017 confundetur
576 2957 650 3011 sol,
671 2967 755 3002 etc.
780 2959 935 3002 Potest
961 2960 1098 3002 etiam
1131 2959 1220 3002 hoc
1255 2957 1410 3001 referri
1438 2959 1492 3001 ad
1519 2958 1843 3011 visitationem,
1872 2971 1960 3015 qua
1992 2957 2054 3000 vi·

38 3020 48 3074 ,Ᾰ
90 3027 343 3072 sitabuntur
368 3026 414 3068 in
447 3025 519 3068 die
544 3024 713 3082 judicii,
743 3038 838 3068 non
869 3035 919 3068 ut
949 3025 1208 3078 liberentur,
1242 3025 1321 3069 sed
1354 3035 1402 3068 ut
1435 3024 1629 3084 amplius
1672 3025 2051 3077 condemnentur,

46 3091 49 3093 ’
91 3093 343 3139 secundum
371 3091 480 3135 illud
504 3090 711 3150 Sophon.
744 3104 800 3136 1.:
835 3091 1015 3136 Visitabo
1040 3100 1164 3152 super
1183 3094 1298 3136 viros
1324 3091 1474 3148 defixos
1505 3094 1549 3135 in
1573 3093 1763 3150 faecibus
1778 3093 1871 3134 suis.

37 3159 51 3214 J
181 3161 257 3206 AD
283 3157 826 3211 sneunnuwdicendum‚
853 3159 975 3216 quod
1002 3173 1107 3202 cum
1134 3159 1296 3202 dicitur
1326 3160 1372 3202 in
1394 3158 1596 3203 Glossa:
1623 3175 1646 3199 ‹<
1666 3157 1755 3201 Ubi
1773 3157 1897 3200 nulla
1924 3157 2053 3200 mise-

34 3240 45 3279 ξ
91 3227 288 3272 ricordia
323 3239 403 3270 eos
435 3224 787 3283 refrigerabat»,
815 3224 1160 3283 intelligendum
1195 3235 1261 3269 est
1294 3235 1513 3284 quantum
1550 3225 1604 3268 ad
1643 3223 1926 3281 refrigerium
1959 3238 2053 3282 per-

30 3313 39 3346 ;
91 3293 237 3339 fectae
259 3292 561 3337 liberationis:
589 3290 694 3349 quia
727 3291 872 3335 sancti
897 3292 1053 3336 Patres
1087 3293 1140 3336 ab
1163 3291 1252 3335 illis
1278 3292 1442 3336 inferni
1476 3290 1729 3336 carceribus
1749 3300 1852 3333 ante
1880 3289 2054 3334 Christi

26 3365 39 3401 j·
93 3361 339 3407 adventum
369 3373 463 3403 non
486 3368 695 3418 poterant
720 3356 915 3402 liberari.

31 3468 45 3475 s
184 3430 259 3473 AD
283 3439 498 3472 TERTIUM
517 3425 776 3477 dicendum,
798 3424 921 3482 quod
943 3439 1036 3468 non
1062 3424 1145 3469 fuit
1171 3436 1354 3484 propter
1373 3424 1546 3469 Christi
1571 3423 1905 3482 impotentiam,
1927 3423 2052 3483 quod

93 3507 188 3540 non
213 3504 318 3539 sunt
342 3493 482 3552 aliqui
503 3491 678 3547 liberati
704 3491 759 3535 de
787 3490 991 3549 quolibet
1016 3501 1134 3536 statu
1160 3491 1466 3543 infernalium,
1485 3492 1601 3534 sicut
1626 3490 1682 3533 de
1709 3489 1913 3547 quolibet
1934 3500 2051 3534 statu

31 3563 46 3619 ss
94 3561 457 3613 mundanorum3
502 3558 579 3603 sed
611 3567 796 3617 propter
822 3558 1048 3601 diversam
1077 3569 1372 3617 utrorumque
1407 3557 1743 3600 conditionem:
1773 3570 1881 3600 nam
1907 3556 2054 3601 homi-

0 3654 2 3666 2
94 3642 191 3682 nes,
217 3626 435 3687 quamdiu
459 3627 629 3677 vivunt,
647 3633 838 3683 possunt
870 3623 926 3668 ad
948 3623 1100 3678 fidem,
1128 3634 1173 3669 et
1205 3625 1473 3669 charitatem
1503 3623 1734 3668 converti:
1768 3622 1874 3682 quia
1894 3622 1941 3667 in
1962 3623 2050 3668 hac
