2352 3926
661 239 939 287 omasi-10
979 241 1052 281 1v.
1091 241 1400 282 ARTICULUS
1440 241 1476 282 1.
1970 228 2033 281 61

36 342 53 347 '‘
70 344 183 405 ,quia
206 343 438 403 indigebat
452 343 753 403 reparatione,
771 357 878 388 cum
897 343 1152 402 subjaceret
1167 344 1380 403 originali
1396 353 1610 403 peccato:
1633 343 1749 389 haec
1771 353 1925 389 autem
1947 343 2039 389 duo

69 410 165 461 soli
187 411 418 456 humanae
438 420 626 455 naturae
647 412 947 456 conveniunt:
970 425 1079 455 nam
1101 421 1335 456 creaturae
1357 411 1606 458 irrationali
1627 411 1755 457 deest
1779 411 2041 469 congruitas

16 475 51 543 Ϊξι
71 477 327 538 dignitatis:
354 487 542 522 naturae
568 487 720 522 autem
753 476 987 536 angelicae
1014 477 1140 522 deest
1173 478 1434 535 congruitas
1456 478 1713 536 praedictae
1733 478 2041 533 necessitatis3

30 544 51 566 ³
75 545 194 594 nulle
220 545 501 604 relinquitur,
527 545 649 604 quod
676 543 774 588 sola
800 555 960 589 natura
986 545 1190 588 humana
1214 544 1274 589 sit
1299 545 1635 604 assumptibilis.

164 612 242 658 AD
267 625 455 658 PRan
496 625 607 670 ergo
639 611 899 665 dicendum,
933 611 1055 670 quod
1088 621 1320 656 creaturae
1355 612 1707 657 denominantur
1739 611 1957 672 aliquales
1989 626 2043 656 ex

8 693 38 717 >³
75 693 159 735 eo,
173 681 296 740 quod
319 681 540 738 competit
564 679 628 723 eis
650 679 902 723 secundum
924 678 1130 738 proprias
1153 692 1328 732 causas,
1346 692 1439 722 non
1458 689 1609 723 autem
1630 693 1683 723 ex
1710 693 1767 725 eo
1795 679 1917 739 quod
1937 693 2043 723 con-

16 741 44 807 Γ)
73 747 200 795 venit
236 747 302 792 eis
333 746 585 792 secundum
618 759 777 790 causas
808 745 992 804 primas,
1026 756 1070 790 et
1101 745 1402 790 universales:
1444 746 1560 790 sicut
1602 747 1795 791 dicimus
1839 746 2039 806 aliquem

74 814 293 860 morbum
320 828 418 858 esse
444 812 758 866 incurabilem,
784 827 878 857 non
906 813 1010 872 quia
1036 827 1130 857 non
1157 822 1308 872 potest
1334 813 1482 856 curari
1509 828 1535 856 a
1567 815 1684 868 Deo,
1712 815 1790 859 sed
1828 815 1933 874 quia
1959 829 2039 874 per

3 892 26 935 ’χ
75 881 258 943 propria
283 880 503 942 principia
530 880 719 937 subjecti
751 880 900 924 curari
924 894 1019 924 non
1037 889 1210 939 potest;
1237 880 1301 924 sic
1334 893 1445 939 ergo
1468 880 1631 924 dicitur
1659 882 1809 940 aliqua
1837 892 2044 926 creatura

74 962 171 995 non
195 963 295 994 esse
315 947 656 1007 assumptibilis,
681 961 777 990 non
803 948 859 992 ad
885 947 1243 992 subtrahendum
1277 946 1446 1006 aliquid
1472 948 1702 1006 potentiae
1734 949 1929 1003 divinae,
1960 948 2040 993 sed

5 1023 28 1070 js
67 1015 481 1068 ,ndrostendendum
504 1014 817 1059 conditionem
849 1025 1097 1068 creaturae,
1120 1028 1236 1073 quae
1265 1014 1320 1058 ad
1346 1014 1437 1058 hoc
1457 1015 1755 1073 aptitudinem
1777 1029 1871 1059 non
1889 1016 2040 1060 habet.

22 1111 27 1123 s
66 1099 110 1133 πὶ,
164 1082 243 1130 AD
268 1095 529 1128 SECUNDUM
557 1081 816 1135 dicendum,
842 1081 966 1140 quod
992 1080 1244 1126 similitudo
1277 1081 1491 1138 imaginis
1527 1082 1771 1126 attenditur
1801 1082 1848 1125 in
1881 1093 2043 1127 natura

0 1155 34 1210 ἐς
72 1149 293 1204 thamam,
324 1149 575 1195 secundum
608 1149 731 1207 quod
763 1158 832 1192 est
864 1162 1005 1207 capax
1036 1148 1139 1202 Dei,
1172 1147 1347 1192 scilicet
1378 1148 1527 1207 ipsum
1562 1148 1828 1207 attingendo
1861 1149 2043 1208 propria

71 1217 343 1278 operatione
368 1215 658 1275 cognitionis,
681 1226 725 1259 et
752 1216 946 1260 amoris:
975 1215 1225 1260 similitudo
1245 1225 1398 1259 autem
1423 1216 1604 1273 vestigii
1621 1216 1865 1260 attenditur
1891 1216 2042 1260 solum

18 1334 29 1345 Ὺ
70 1284 328 1333 secundum
353 1283 816 1343 repraesentationem
846 1282 1046 1342 aliquam
1073 1297 1129 1327 ex
1154 1283 1455 1341 impressione
1473 1282 1626 1326 divina
1652 1283 1698 1326 in
1725 1294 1930 1328 creatura
1957 1284 2044 1328 exi-

0 1345 52 1409 ,5:²⁴
74 1361 289 1405 stentem,
314 1364 409 1404 non
434 1359 587 1394 autem
614 1364 669 1394 ex
697 1363 753 1394 eo
780 1350 903 1409 quod
945 1359 1152 1394 creatura
1187 1349 1477 1404 irrationalis,
1503 1350 1551 1393 in
1583 1364 1673 1409 qua
1706 1359 1772 1394 est
1804 1350 1903 1395 sola
1939 1350 2042 1396 talis

75 1419 342 1474 similitudo,
356 1419 500 1479 possit
522 1420 674 1463 Deum
693 1419 914 1478 attingere
931 1434 1012 1478 per
1037 1418 1187 1464 solam
1205 1433 1336 1463 suam
1364 1419 1708 1477 operationem:
1733 1419 1856 1479 quod
1890 1430 2043 1465 autem

79 1486 232 1535 deficit
257 1501 284 1532 a
305 1486 488 1540 minori,
513 1500 607 1531 non
632 1486 771 1530 habet
796 1487 1129 1545 congruitatem
1153 1487 1209 1530 ad
1226 1486 1270 1530 id
1289 1486 1411 1545 quod
1434 1496 1502 1531 est
1527 1487 1694 1544 majus:
1722 1487 1840 1531 sicut
1863 1501 2044 1546 corpus,

80 1554 203 1614 quod
227 1567 323 1599 non
354 1563 424 1598 est
446 1562 602 1613 aptum
629 1552 784 1612 perfici
825 1553 979 1596 anima
1004 1553 1233 1607 sensitiva,
1267 1553 1412 1597 multo
1435 1555 1586 1598 minus
1613 1563 1680 1598 est
1706 1564 1863 1613 aptum
1889 1554 2046 1613 perfici

80 1621 235 1667 anima
257 1619 557 1666 intellectiva:
585 1619 731 1664 multo
766 1630 918 1663 autem
951 1621 1114 1677 major,
1141 1630 1186 1665 et
1217 1620 1461 1680 perfectior
1494 1631 1562 1665 est
1587 1621 1696 1666 unio
1716 1621 1770 1665 ad
1790 1622 1945 1665 Deum
1981 1616 2046 1666 se-

80 1688 280 1734 cundum
307 1702 407 1732 esse
423 1686 677 1746 personale,
695 1701 833 1745 quarn
852 1701 967 1745 quae
996 1697 1064 1731 est
1085 1688 1335 1731 secundum
1361 1688 1701 1746 operationem3
1729 1698 1773 1733 et
1797 1689 1902 1732 ideo
1926 1703 2047 1733 crea-

78 1767 179 1802 tura
202 1755 491 1810 irrationalis,
513 1770 629 1816 quae
647 1755 799 1800 deficit
815 1756 868 1798 ab
892 1756 1061 1799 unione
1080 1756 1135 1799 ad
1160 1755 1315 1800 Deum
1334 1769 1413 1814 per
1439 1756 1772 1815 operationem,
1787 1770 1883 1800 non
1908 1756 2044 1801 habet

82 1823 432 1883 congruitatem,
455 1833 505 1867 ut
529 1822 711 1867 uniatur
738 1823 778 1867 ei
806 1822 1058 1866 secundum
1081 1836 1179 1866 esse
1206 1822 1461 1881 personale.

169 1891 247 1937 AD
273 1902 489 1936 TERTmM
515 1890 776 1942 dicendum,
798 1889 921 1949 quod
948 1889 1134 1948 quidam
1162 1890 1318 1934 dicunt
1334 1889 1550 1948 angelum
1575 1905 1670 1935 non
1689 1905 1787 1935 esse
1807 1895 2028 1952 assumpti

72 1957 234 2013 bilem,
258 1958 365 2017 quia
383 1971 408 2002 a
425 1957 648 2016 principio
666 1970 775 2000 suae
802 1956 1045 2000 creationis
1063 1965 1130 2000 est
1155 1956 1202 1999 in
1228 1970 1310 2000 sua
1332 1956 1655 2015 personalitate
1682 1958 1919 2016 perfectus,
1938 1974 2044 2003 cum

76 2040 174 2071 non
204 2025 437 2084 subjaceat
457 2023 757 2084 generationi,
785 2034 830 2068 et
856 2023 1165 2082 corruptioni;
1198 2024 1318 2067 unde
1349 2038 1444 2068 non
1476 2035 1631 2083 posset
1656 2025 1702 2068 in
1736 2026 1958 2070 unitatem
1984 2027 2046 2071 di-

2 2091 32 2134 ’ἶ
70 2093 212 2141 winae
242 2106 467 2152 personae
493 2092 677 2145 assumi,
702 2090 791 2135 nisi
817 2092 915 2149 ejus
941 2089 1238 2148 personalitas
1264 2091 1590 2136 destrueretur:
1619 2092 1741 2151 quod
1767 2107 1914 2152 neque
1941 2108 2046 2138 con-

63 2160 210 2208 mit
229 2158 643 2218 incorruptibilitati
668 2168 857 2202 naturae
874 2158 985 2215 ejuS,
1002 2171 1152 2217 neque
1169 2158 1364 2203 bonitati
1387 2160 1685 2214 assumentis;
1712 2159 1768 2204 ad
1787 2175 1925 2219 quam
1950 2174 2045 2205 non

7 2219 285 2290 ‘ii-spertinet,
311 2226 435 2287 quod
468 2226 636 2285 aliquid
662 2225 953 2285 perfectionis
980 2225 1026 2268 in
1049 2235 1257 2269 creatura
1283 2236 1515 2285 assumpta
1543 2237 1820 2285 corrumpat.
1846 2228 1937 2272 Sed
1953 2228 2044 2273 hoc

64 2286 376 2343 'nonvidetur
396 2294 637 2339 excludere
658 2292 860 2338 totaliter
876 2293 1213 2351 congruitatem
1232 2294 1555 2353 assumptionis
1573 2294 1807 2354 angelicae
1832 2307 2044 2340 naturae:

59 2369 226 2424 <potest
237 2363 360 2407 enim
372 2362 498 2406 Deus
524 2361 820 2421 producendo
837 2374 1010 2405 novam
1031 2360 1290 2419 angelicam
1309 2371 1532 2417 naturam,
1551 2362 1765 2422 copulare
1781 2377 1883 2407 eam
1897 2363 1982 2407 sibi
1998 2363 2046 2407 in

2 2444 35 2483 ζ
55 2457 57 2459 ·
77 2429 248 2475 unitate
264 2443 509 2490 personae:
538 2439 582 2473 et
597 2429 661 2473 sic
678 2427 794 2472 nihil
819 2428 1125 2487 praeexistens
1143 2428 1204 2471 ibi
1222 2439 1609 2488 corrumperetur:
1629 2430 1722 2484 sed,
1741 2430 1856 2475 sicut
1874 2431 2046 2475 dictum

17 2530 26 2541 ψ.
80 2506 150 2542 est
177 2495 242 2554 (in
267 2504 380 2556 corp.
407 2498 525 2555 art),
550 2496 674 2540 deest
706 2495 968 2555 congruitas
986 2510 1041 2540 ex
1058 2506 1185 2555 parte
1202 2497 1511 2543 necessitatis:
1539 2499 1645 2557 quia
1671 2499 1756 2543 etsi
1785 2509 1947 2543 natura
1975 2513 2046 2543 an-

78 2563 228 2624 gelica
253 2564 301 2608 in
319 2563 543 2623 aliquibus
565 2573 755 2623 peccato
783 2563 999 2622 subjacet,
1027 2573 1094 2607 est
1118 2573 1274 2608 tamen
1302 2566 1398 2624 ejus
1425 2576 1667 2624 peccatum
1697 2566 2047 2619 irremediabile,

8 2624 129 2682 ,ἕω
150 2631 199 2676 in
230 2645 270 2677 1.
297 2641 423 2691 parte
450 2631 657 2675 habitum
684 2640 751 2674 est
779 2629 837 2689 (q.
855 2631 927 2687 64.
949 2636 1032 2675 art.
1059 2631 1122 2689 2).

12 2695 34 2755 {j
169 2698 246 2744 AD
272 2711 510 2750 QUARTUM
537 2697 797 2752 dicendum,
825 2697 947 2757 quod
973 2697 1192 2756 perfectio
1219 2699 1418 2744 universi
1444 2714 1538 2744 non
1566 2710 1633 2745 est
1658 2700 1878 2760 perfectio
1911 2701 2044 2745 unius

24 2762 53 2806 Ϊ’
81 2779 320 2826 personae,
344 2765 419 2810 vel
444 2765 682 2825 suppositi,
709 2764 789 2809 sed
821 2766 915 2822 ejus
943 2764 1065 2824 quod
1093 2775 1161 2810 est
1187 2781 1332 2809 unum
1359 2767 1601 2826 positione,
1624 2767 1699 2812 vel
1726 2768 1898 2822 ordine,
1918 2769 2045 2827 cujus

80 2831 303 2891 plurimae
334 2842 482 2893 partes
510 2846 604 2876 non
630 2842 734 2876 sunt
760 2831 1108 2891 assumptibiles,
1131 2843 1180 2877 ut
1201 2833 1374 2877 dictum
1402 2845 1468 2878 est
1498 2835 1560 2892 (in
1582 2842 1696 2895 corp.
1715 2841 1797 2881 art.
1822 2835 1934 2881 etad
1958 2835 2043 2893 1.);

21 2914 38 2956 <j
81 2899 200 2945 unde
230 2899 512 2960 relinquitur,
544 2899 667 2960 quod
695 2898 846 2944 solum
871 2908 1033 2943 natura
1063 2899 1267 2944 humana
1293 2900 1350 2946 sit
1375 2901 1712 2962 assumptibilis.

784 3092 1219 3149 ARTICULUS
1264 3094 1334 3148 II.
1988 3111 2043 3154 28

417 3241 609 3281 UTRUM
647 3242 823 3280 FILIUS
865 3243 960 3281 Dm
1001 3243 1367 3283 AssUMPSERIT
1407 3245 1715 3284 PERSONAM.

170 3365 248 3411 AD
275 3378 536 3412 SECUNDUM
567 3367 631 3413 sic
663 3368 937 3427 proceditur.
965 3369 1169 3424 Videtur,
1192 3370 1315 3429 quod
1346 3370 1485 3415 Filius
1514 3370 1605 3414 Dei
1634 3370 1928 3427 assumpserit
1951 3384 2046 3429 per-

14 3440 39 3492 j
83 3445 271 3477 sonam:
306 3432 414 3477 dicit
447 3434 570 3478 enim
601 3435 817 3480 Damasc.
860 3436 907 3480 in
944 3451 980 3495 3.
1013 3436 1089 3483 lib.
1124 3438 1240 3497 (cap.
1273 3438 1354 3495 11),
1390 3437 1511 3496 quod
1546 3437 1681 3481 Filius
1712 3437 1796 3481 Dei
1828 3439 2047 3497 assumpsit

74 3499 313 3546 humanam
343 3506 544 3545 naturam
574 3503 619 3546 in
649 3508 805 3558 atomo,
837 3503 953 3548 idest
983 3504 1030 3547 in
1062 3503 1321 3548 individuo:
1360 3505 1436 3548 sed
1480 3503 1765 3547 individuum
1808 3503 2043 3548 rationalis

75 3576 271 3623 ,naturae
297 3575 364 3612 est
384 3581 594 3626 persona,
627 3577 675 3612 ut
700 3579 824 3628 patet
848 3584 928 3628 per
954 3570 1167 3615 Boetium
1194 3572 1239 3614 in
1265 3571 1340 3614 lib.
1369 3571 1423 3615 de
1447 3570 1594 3614 Duab.
1612 3570 1741 3624 Nat.;
1769 3583 1878 3630 ergo
1905 3570 2043 3616 Filius

33 3650 40 3676 ε
62 3639 64 3641 ’
84 3633 171 3678 Dei
198 3647 442 3694 personam
469 3633 723 3694 assumpsit.
