2352 3926
535 265 814 313 QUABSTIO
855 264 1083 303 xxxvm.
1123 263 1432 304 ARTICULUS
1471 263 1508 302 1.
1896 261 1996 317 321

42 370 243 431 Joannes
268 383 363 413 non
388 366 635 412 introduxit
658 380 829 410 novam
862 365 1043 424 legem3
1070 379 1180 423 ergo
1206 364 1532 408 inconveniens
1558 362 1655 418 fuit,
1682 362 1803 422 quod
1830 376 2002 406 novum

48 436 186 482 ritum
210 436 465 494 baptizandi
495 433 815 478 introduceret.

80 528 82 530 ·
140 516 180 548 2.
207 503 504 547 PRAETEREA.
527 501 725 558 Joannes
750 498 833 542 fuit
859 497 1024 541 missus
1051 512 1077 540 a
1102 497 1240 541 Deo·
1229 513 1274 541 m
1292 499 1621 551 testimonium,
1647 507 1865 556 tanquam
1898 497 2007 542 Pro-

49 569 201 631 pheta,
229 568 480 613 secundum
506 566 616 611 illud
645 566 753 610 Luc.
779 578 829 609 1.:
861 564 925 608 Tu
933 572 1042 623 puer
1064 565 1272 623 Propheta
1299 566 1504 609 Altissimi
1524 566 1771 608 vocaberis:
1805 564 1882 608 sed
1900 564 2008 608 Pro-

50 636 230 696 phetae,
263 634 340 693 qui
370 632 551 677 fuerunt
591 642 694 676 ante
737 630 991 683 Christum,
1024 644 1119 673 non
1153 631 1496 674 introduxerunt
1528 644 1702 674 novum
1733 633 1884 684 ritum,
1927 631 2007 675 sed

52 701 389 747 observantiam
422 699 641 758 legalium
678 700 845 742 rituum
879 697 1169 750 inducebant,
1197 708 1245 741 ut
1270 708 1396 756 patet
1420 698 1618 741 Malach.
1642 698 1736 742 ult.:
1765 700 2010 743 Mementote

52 769 158 828 legis
166 769 315 826 Moysi,
348 769 459 811 servi
479 768 560 810 mei
570 781 587 818 ;
612 779 722 824 ergo
750 778 834 808 nec
856 764 1055 822 Joannes
1078 778 1250 808 novum
1278 765 1414 807 ritum
1439 765 1694 823 baptizandi
1720 765 2008 810 introducere

53 835 220 880 debuit.

147 915 185 959 3.
211 901 510 944 PRAETEREA.
538 898 631 942 Ubi
656 907 724 942 est
747 897 938 955 alicujus
967 898 1031 941 rei
1056 897 1354 956 superfluitas,
1379 911 1475 941 non
1508 907 1575 941 est
1607 898 1662 940 ad
1698 897 1808 941 illud
1841 898 2009 957 aliquid

55 967 339 1013 addendum:
365 966 445 1010 sed
464 964 626 1023 Judaei
651 964 928 1008 excedebant
943 965 989 1007 in
1011 965 1318 1024 superfluitate
1345 965 1691 1023 baptismatum:
1710 966 1872 1009 dicitur
1888 966 2011 1010 enim

54 1033 200 1080 Marci
226 1046 285 1092 7.,
312 1032 435 1092 quod
462 1032 693 1085 Pharisaei,
720 1037 756 1076 et
776 1046 914 1075 omnes
938 1032 1103 1088 Judaei,
1126 1033 1209 1076 nisi
1234 1033 1377 1076 crebro
1400 1031 1581 1075 laverint
1605 1046 1765 1084 manus,
1792 1047 1876 1075 non
1897 1046 2014 1076 man-

55 1101 207 1148 ducant
218 1115 234 1152 ;
261 1106 301 1144 et
324 1113 352 1143 a
364 1099 467 1158 foro
486 1100 698 1151 venientes,
717 1099 797 1142 nisi
818 1099 1092 1156 baptizentur,
1113 1113 1194 1142 non
1212 1098 1448 1146 comedunt:
1476 1104 1514 1142 et
1531 1098 1616 1141 alia
1633 1099 1764 1141 multa
1783 1105 1892 1152 sunt,
1911 1113 2014 1157 quae

57 1167 214 1214 tradita
232 1172 328 1211 sunt
354 1166 435 1210 illis
456 1179 637 1218 servare,
663 1166 913 1224 baptismata
938 1166 1131 1219 calicum,
1159 1172 1197 1210 et
1216 1180 1455 1218 urceorum,
1475 1171 1511 1209 et
1533 1171 1886 1219 aeramentorum,
1908 1173 1947 1211 et
1967 1166 2018 1211 le-

58 1241 248 1287 ctorium
276 1246 387 1291 ergo
409 1232 738 1276 inconveniens
760 1231 857 1285 fuit,
885 1232 1007 1290 quod
1028 1232 1229 1290 Joannes
1255 1233 1514 1290 baptizaret.

148 1300 243 1346 SED
265 1312 462 1346 CONTRA
488 1308 556 1343 est
582 1299 828 1342 auctoritas
848 1299 1120 1358 Scripturae,
1140 1299 1302 1344 Matth.
1325 1314 1378 1358 3.,
1396 1299 1485 1353 ubi,
1504 1299 1753 1358 praemissa
1780 1301 2016 1343 sanctitate

52 1367 257 1427 Joannis‚
281 1366 497 1419 subditur,
524 1366 644 1425 quod
667 1367 837 1410 exibant
861 1366 915 1409 ad
937 1381 1028 1410 eum
1046 1367 1183 1420 multi,
1206 1373 1245 1411 et
1267 1367 1586 1425 baptizabantur
1607 1367 1658 1411 ab
1685 1381 1729 1410 eo
1752 1367 1797 1409 in
1813 1365 2016 1423 Jordano.

141 1433 429 1481 RESPONDEO
447 1433 704 1487 dicendum,
717 1433 839 1491 quod
851 1433 1127 1477 conveniens
1139 1432 1453 1491 fuitJoannem
1472 1433 1713 1490 baptizare,
1726 1443 1910 1492 propter
1921 1447 2019 1491 qua-

61 1507 182 1547 tuor:
194 1502 336 1560 primo
353 1500 552 1558 quidem,
579 1500 684 1558 quia
710 1500 950 1558 oportebat
967 1499 1176 1543 Christus
1194 1514 1219 1542 a
1239 1500 1416 1557 Joanne
1432 1499 1662 1558 baptizari,
1679 1509 1728 1543 ut
1742 1499 2018 1558 baptismum

62 1575 365 1620 consecraret,
392 1575 441 1609 ut
466 1567 584 1624 Aug.
610 1566 718 1609 dicit
739 1580 874 1624 super
891 1566 1022 1623 Joan.
1066 1567 1240 1625 (implic.
1275 1573 1395 1611 tract.
1423 1580 1461 1625 5.
1494 1567 1698 1624 aliquant.
1731 1580 1757 1610 a
1788 1568 1929 1625 princ.
1954 1565 2021 1610 sed

62 1643 237 1696 express.
258 1648 380 1678 serm.
402 1647 473 1691 29.
499 1632 546 1677 de
575 1633 718 1691 Temp.
742 1647 769 1677 a
782 1634 940 1692 princ.)
945 1649 961 1685 ,·
989 1633 1176 1687 secundo,
1202 1643 1250 1676 ut
1269 1633 1477 1678 Christus
1495 1632 1880 1677 manifestaretur:
1900 1634 2019 1677 unde

62 1701 160 1760 ipse
186 1701 386 1760 Joannes
408 1699 608 1758 Baptista
636 1699 744 1743 dicit
759 1699 890 1757 Joan.
913 1713 964 1743 1.:
990 1706 1035 1744 ut
1050 1701 1349 1759 manifestetur,
1367 1700 1541 1745 scilicet
1562 1700 1787 1753 Christus,
1813 1702 1858 1743 in
1875 1701 2019 1754 Israel,

58 1775 283 1828 propterea
297 1768 395 1811 veni
410 1781 481 1824 ego
500 1768 544 1809 in
566 1780 677 1824 aqua
700 1767 910 1824 baptizans
921 1782 937 1818 ;
967 1767 1340 1811 concurrentibus
1359 1767 1481 1810 enim
1499 1767 1639 1810 turbis
1658 1767 1712 1810 ad
1730 1767 2022 1825 baptismum,

66 1833 361 1879 annuntiabat
387 1833 646 1878 Christum:
674 1833 797 1891 quod
823 1833 1009 1891 quidem
1033 1832 1210 1877 facilius
1236 1834 1301 1877 sic
1328 1833 1498 1878 factum
1518 1844 1598 1887 est,
1618 1848 1755 1892 quam
1782 1834 1820 1877 si
1841 1847 1921 1891 per
1937 1834 2024 1877 sin-

7 1925 8 1928 =
66 1900 199 1962 gulos
223 1900 516 1952 discurrisset,
544 1909 592 1942 ut
619 1898 856 1958 Chrysost.
881 1899 990 1943 dicit
1015 1914 1150 1958 super
1169 1900 1299 1957 Joan.
1319 1900 1434 1955 (hom
1452 1901 1518 1945 16.
1537 1903 1646 1945 inter
1665 1902 1806 1959 princ.
1825 1906 1861 1944 et
1876 1901 2022 1959 med.),·

0 1984 15 2039 ζ
68 1970 204 2024 tertio,
231 1976 282 2010 ut
311 1980 394 2010 suo
427 1965 654 2025 baptismo
689 1965 991 2010 assuefaceret
1025 1966 1237 2010 homines
1272 1967 1328 2010 ad
1364 1967 1641 2026 baptismum
1675 1967 1870 2011 Christi:
1904 1968 2023 2011 unde

0 2030 17 2088 ζ
69 2035 209 2094 Greg.
242 2034 351 2079 dicit
379 2033 427 2077 in
459 2032 657 2092 quadam
689 2033 816 2076 hom.
851 2033 1021 2109 (scilicet
1053 2047 1090 2092 7.
1124 2035 1169 2077 in
1205 2035 1368 2091 Evang.
1403 2041 1497 2078 ante
1534 2034 1676 2091 med),
1711 2034 1833 2092 quod
1871 2034 2023 2078 «ideo

0 2108 26 2214 ἓ
63 2102 263 2162 Joannes
288 2100 545 2159 baptizavit,
586 2108 633 2143 ut
660 2099 993 2158 praecursionis
1034 2114 1143 2144 suae
1170 2101 1378 2144 ordinem
1410 2115 1609 2153 servans,
1643 2100 1719 2159 qui
1744 2101 2025 2144 nasciturum

68 2167 323 2217 Domitium
349 2166 581 2210 nascendo
604 2176 913 2224 praevenerat,
926 2167 1197 2225 baptizando
1220 2182 1402 2226 quoque
1422 2168 1753 2225 baptizaturum
1770 2167 2026 2211 Dominum

0 2221 33 2308 Ξ
69 2234 421 2296 ρῐαενεηίῐει»;
447 2239 613 2292 quarte,
643 2243 692 2276 ut
717 2234 772 2277 ad
799 2235 1129 2292 poenitentiam
1154 2234 1367 2278 homines
1394 2234 1628 2287 inducens,
1660 2234 1873 2278 homines
1904 2248 2030 2292 prae·

28 2310 248 2363 pararet
274 2300 328 2344 ad
355 2300 492 2358 digne
518 2299 860 2357 suscipiendum
881 2300 1157 2359 baptismum
1186 2300 1379 2354 Christi3
1426 2301 1546 2345 unde
1574 2300 1743 2344 ibidem
1771 2300 1892 2344 Beda
1921 2301 2029 2344 dicit

11 2366 139 2427 (in
163 2369 271 2413 bom.
300 2367 546 2412 circumcis.
567 2381 672 2425 quae
691 2373 745 2411 est
770 2368 877 2411 inter
902 2367 1013 2411 hom.
1031 2369 1153 2412 totius
1170 2370 1272 2411 anni
1288 2376 1447 2427 parum
1464 2382 1490 2411 a
1506 2370 1630 2426 princ
1635 2368 1684 2424 .),
1709 2368 1831 2426 quod
1857 2382 2029 2426 «quan

0 2446 24 2479 ῆι
71 2444 172 2481 tum
197 2433 540 2479 cathecumenis
565 2433 770 2477 nondum
796 2434 1031 2492 baptizatis
1057 2435 1250 2512 prodest·
1267 2435 1473 2479 doctrina
1500 2434 1619 2487 fidei,
1644 2444 1824 2478 tantum
1863 2434 2030 2493 profuit

0 2470 39 2574 ἓ,
72 2502 297 2579 baptisma
316 2500 504 2559 Joannis
530 2510 634 2544 ante
661 2500 885 2559 baptisma
911 2500 1140 2545 Christi».
1178 2502 1282 2560 quia
1314 2502 1430 2545 sicut
1454 2500 1531 2545 ille
1558 2501 1848 2560 praedicabat
1872 2501 2032 2560 poeni-

17 2570 47 2621 Li·-
72 2569 279 2622 tentiam,
304 2577 348 2612 et
363 2567 639 2626 baptismum
658 2566 831 2611 Christi
848 2567 1207 2644 praenuntiabat,
1221 2577 1265 2612 et
1281 2567 1326 2611 in
1351 2568 1665 2626 cognitionem
1681 2568 1895 2621 veritatis,
1914 2581 2030 2626 quae

76 2634 248 2683 mundo
275 2635 493 2694 apparuit,
521 2634 796 2678 attrahebat:
823 2635 888 2678 sic
917 2634 1110 2678 ministri
1136 2633 1368 2679 Ecclesiae
1385 2634 1535 2693 primo
1554 2634 1787 2688 erudiunt3
1813 2645 1918 2693 post
1933 2648 2034 2693 pec-

76 2711 180 2747 cata
199 2715 360 2746 eorum
386 2700 685 2759 redarguunt3
723 2701 911 2745 demum
943 2701 990 2745 in
1017 2701 1244 2760 baptismo
1272 2700 1446 2746 Christi
1470 2701 1790 2745 remissionem
1821 2710 2034 2760 peccato-

9 2807 12 2818 .
38 2770 54 2829 j
77 2781 181 2815 rum
204 2767 487 2828 promittunt.

167 2835 243 2881 AD
268 2847 454 2880 PRIMUM
480 2847 590 2893 ergo
617 2834 877 2887 dicendum,
902 2835 1024 2893 quod
1049 2835 1301 2893 baptismus
1322 2835 1511 2893 Joannis
1534 2849 1630 2878 non
1658 2844 1754 2878 erat
1785 2848 1865 2894 per
1890 2848 1938 2878 se
1970 2848 2036 2877 sa-

39 2912 58 2961 j
82 2886 380 2954 eramentum,
404 2901 482 2946 sed
508 2900 638 2960 quasi
662 2900 894 2960 quoddam
921 2901 1252 2946 sacramentale
1270 2902 1516 2960 disponens
1540 2902 1595 2945 ad
1611 2902 1887 2960 baptismum
1907 2900 2037 2945 Chri-

31 2977 57 3000 s.
81 2967 161 3014 sti.
197 2977 243 3015 et
274 2967 379 3013 ideo
417 2966 671 3027 aliqualiter
702 2968 956 3026 pertinebat
989 2969 1046 3012 ad
1081 2967 1235 3027 legem
1268 2968 1455 3023 Christi,
1487 2982 1582 3012 non
1610 2978 1762 3013 autem
1796 2968 1851 3012 ad
1884 2967 2035 3026 legem

18 3018 62 3083 ἦ
54 3033 246 3097 Moysi.

107 3145 110 3148 ,
170 3100 247 3148 AD
282 3113 543 3147 SECUNDUM
578 3100 835 3155 dicendum,
868 3101 990 3160 quod
1020 3101 1219 3159 Joannes
1255 3116 1351 3146 non
1387 3102 1538 3146 solum
1563 3101 1648 3145 fuit
1682 3101 1927 3176 Propheta,
1959 3099 2039 3143 sed

31 3155 298 3228 plusquam
323 3168 544 3228 Propheta,
570 3177 620 3211 ut
645 3167 808 3212 dicitur
832 3167 994 3212 Matth.
1027 3182 1092 3212 11.
1105 3168 1224 3212 .fuit
1249 3169 1373 3213 enim
1398 3170 1617 3213 terminus
1635 3168 1763 3225 legis,
1790 3177 1834 3210 et
1859 3165 2039 3209 initium

32 3230 414 3307 21Evmgehi;et
438 3233 542 3279 ideo
570 3234 716 3293 magis
743 3234 996 3292 pertinebat
1022 3235 1076 3278 ad
1103 3249 1210 3279 eum
1236 3236 1390 3289 verbo,
1417 3245 1463 3279 et
1488 3248 1625 3293 opere
1658 3234 1870 3277 inducere
1888 3232 2039 3276 homi-

44 3301 168 3346 ‘ines
193 3301 248 3345 ad
279 3299 430 3358 legem
457 3300 644 3356 Christi,
669 3315 807 3359 quarn
836 3302 891 3345 ad
918 3302 1254 3346 observantiam
1287 3302 1451 3346 veteris
1475 3301 1603 3358 legis.

45 3359 74 3421 ³2,
112 3366 114 3368 ’
177 3366 254 3411 AD
280 3378 496 3412 'rt-:RTmM
522 3367 780 3421 dicendum,
807 3368 929 3426 quod
956 3368 1225 3426 baptismata
1258 3368 1337 3412 illa
1369 3368 1693 3411 Phariseorum
1721 3374 1848 3409 erant
1874 3365 2041 3418 inania,

42 3430 246 3519 {utpote
273 3433 329 3478 ad
353 3433 504 3479 solam
530 3434 801 3478 munditiam
827 3434 974 3479 carnis
1001 3434 1231 3479 ordinata:
1265 3435 1343 3479 sed
1370 3434 1620 3493 baptismus
1648 3432 1836 3508 Joannis
1863 3431 2044 3475 ordina-

44 3493 222 3553 tbatur
246 3500 303 3544 ad
327 3500 597 3544 munditiam
623 3499 926 3559 spiritualem3
951 3501 1195 3547 inducebat
1220 3501 1342 3545 enim
1374 3500 1587 3545 homines
1620 3498 1676 3543 ad
1698 3498 2043 3558 poenitentiam,

46 3573 145 3618 ut
162 3564 335 3613 dictum
360 3575 429 3611 est
452 3566 520 3624 (in
544 3566 692 3626 corp..)

271 3731 308 3768 S.
331 3732 486 3768 'raonem
510 3734 642 3768 Summa
673 3733 876 3778 Theologua.
900 3733 983 3771 Vol.
1007 3733 1070 3768 IV.
1826 3743 1865 3769 at
