2352 3926
0 0 51 107 ΞῚ
61 0 96 20 ‘9'
105 0 163 22 ‘'tl-f*
179 18 190 27 4,
225 0 271 39 Τ-1

667 207 944 276 αυΑΕετῐο
986 229 1020 268 1.
1062 230 1368 270 ARTICULUS
1410 229 1486 269 111.
1984 229 2050 284 25

100 330 224 390 quod
248 330 370 386 facit,
396 332 517 392 quod
542 330 708 376 falsum
734 341 815 386 est,
841 341 891 375 ut
914 331 962 375 in
991 345 1025 375 1.
1049 332 1254 376 habitum
1276 342 1343 377 est
1368 332 1428 391 (q.
1447 345 1532 391 105.
1555 337 1638 377 art.
1657 331 1741 390 6.).·
1766 330 1882 375 nihil
1903 340 2054 375 autem

101 396 325 456 prohibet,
358 397 413 459 ad
446 396 614 457 aliquid
646 398 794 455 majus
824 397 1076 441 humanam
1103 409 1313 442 naturam
1340 399 1605 456 perductam
1632 411 1730 442 esse
1762 408 1866 457 post
1896 412 2058 457 pecca-

102 473 224 509 tum:
250 463 376 508 Deus
402 464 523 508 enim
551 463 768 523 permittit
794 463 915 506 mala
942 463 1051 518 fieri,
1075 474 1122 508 ut
1139 465 1243 508 inde
1268 465 1434 523 aliquid
1464 465 1625 509 melius
1652 464 1826 519 eliciat3
1853 465 1973 508 unde
1999 464 2060 508 di·

103 529 232 583 citur,
259 531 393 575 Rom.
418 543 484 586 4.:
520 531 603 575 Ubi
624 530 855 574 abundavit
871 530 1077 584 delictum,
1103 532 1460 590 superabundavit
1480 539 1517 576 et
1531 533 1691 590 gratias
1715 531 1834 576 unde
1852 541 1897 575 et
1917 531 1963 574 in
1985 531 2061 575 be-

101 596 361 643 nedictione
393 597 514 642 cerei
544 596 769 656 paschalis
800 597 982 642 dicitur:
1014 614 1038 638 «
1066 598 1109 643 O
1138 597 1245 642 felix
1277 597 1424 657 culpa,
1460 613 1575 657 quae
1609 598 1766 653 talem,
1797 613 1851 643 ac
1882 608 2060 643 tantum

103 664 270 708 meruit
292 663 459 708 habere
485 663 842 723 Redemptorem
859 682 901 710 ».

191 730 268 776 AD
295 743 532 782 QUARTUM
557 731 815 785 dicendum,
837 732 959 791 quod
985 731 1337 791 praedestinatio
1364 733 1687 792 praesupponit
1711 732 2061 792 praescientiam

102 795 384 853 futurorum;
410 808 455 842 et
479 798 581 842 ideo
603 797 721 842 sicut
739 798 866 842 Deus
886 798 1191 857 praedestinat
1211 799 1406 843 salutem
1425 799 1614 858 alicujus
1640 800 1843 844 hominis
1865 813 1944 859 per
1966 813 2064 843 ora·
2115 827 2118 831 ι

101 863 251 910 tiones
277 864 472 910 aliorum
497 864 803 924 implendam:
830 865 893 909 ita
919 866 1057 910 etiam
1083 866 1436 926 praedestinavit
1452 880 1565 926 opus
1582 867 1907 912 incarnationis
1929 867 1976 911 in
1999 879 2065 910 re-

104 931 308 978 medium
333 931 525 976 humani
548 932 737 991 peccati.

194 998 272 1045 AD
298 1012 526 1050 QUINTUM
551 1000 810 1055 dicendum,
837 1001 961 1060 quod
986 1000 1103 1045 nihil
1127 1001 1339 1061 prohibet
1364 1000 1502 1046 alicui
1527 1001 1718 1046 revelari
1739 1000 1968 1056 effectum,
1990 1000 2064 1046 cui

100 1080 200 1113 non
224 1066 450 1112 revelatur
476 1082 634 1122 causa;
655 1068 805 1127 potuit
823 1068 961 1128 igitur
986 1069 1136 1128 primo
1167 1069 1349 1113 homini
1384 1068 1577 1113 revelari
1610 1069 1936 1113 incarnationis
1968 1083 2063 1128 my-

105 1133 309 1189 sterium,
332 1135 431 1180 sine
456 1135 547 1180 hoc
574 1135 696 1194 quod
723 1146 841 1180 esset
866 1137 1095 1195 praescius
1123 1137 1193 1181 sui
1219 1150 1374 1181 casus:
1406 1150 1502 1180 non
1534 1136 1657 1181 enim
1684 1136 1960 1195 quicumque
1993 1148 2066 1180 co-

107 1202 287 1262 gnoscit
311 1201 541 1258 affectum,
568 1204 809 1262 cognoscit
833 1214 878 1248 et
904 1218 1105 1249 causam.

786 1352 1220 1411 ARTICULUS
1264 1353 1361 1408 IV.
2035 1376 2065 1419 4

236 1487 430 1525 UTRUM
467 1487 841 1527 PRINCIPALIUS
883 1489 1103 1528 CHRISTI
1142 1489 1483 1529 INCARNATIO
1526 1488 1706 1527 FACTA
1746 1486 1944 1526 FUERIT

507 1570 580 1607 AD
621 1569 966 1610 TOLLENDUM
1004 1571 1304 1610 PECCATUM
1343 1570 1664 1621 ORIGINALE,

647 1644 652 1647 ⁴
854 1653 1010 1699 QUAM
1048 1653 1323 1691 ACTUALE.

190 1760 244 1819 (3.
270 1760 383 1805 Dist.
408 1775 444 1806 r.
471 1775 509 1820 q.
536 1776 571 1806 Ι.
604 1769 687 1806 art.
709 1776 750 1807 2.
782 1762 836 1806 ad
861 1762 903 1808 6.
935 1769 972 1808 et
996 1771 1134 1823 opusc.
1161 1778 1225 1809 ιο.
1253 1770 1343 1823 cap.
1375 1763 1445 1808 28.
1462 1768 1500 1808 et
1521 1770 1654 1822 opusc.
1682 1778 1740 1808 H.
1773 1768 1858 1808 art.
1890 1760 1989 1821 23).

201 1870 279 1917 An
310 1885 548 1923 QUARTUM
572 1873 637 1917 sic
663 1874 937 1933 proceditur.
964 1874 1167 1928 Videtur,
1195 1875 1317 1934 quod
1343 1875 1470 1919 Deus
1496 1873 1787 1933 principalius
1808 1874 2068 1917 incarnatus

106 1936 247 1985 fuerit
268 1938 316 1982 in
341 1939 594 1983 remedium
617 1940 863 1984 actualium
882 1951 1194 2000 peccatorum,
1211 1955 1350 2001 quam
1376 1942 1423 1984 in
1450 1941 1705 1985 remedium
1722 1939 1955 1999 originalis
1971 1953 2072 1998 pec-

113 2005 225 2051 cati:
252 2015 422 2065 quanto
449 2007 573 2051 enim
596 2018 837 2067 peccatum
864 2018 932 2052 est
957 2009 1153 2066 gravius,
1179 2018 1307 2052 tanto
1335 2010 1482 2067 magis
1508 2009 1740 2052 humanae
1767 2006 1901 2051 saluti
1919 2007 2073 2051 adver-

112 2081 250 2126 satur,
274 2083 458 2132 propter
483 2088 621 2132 quam
645 2075 774 2119 Deus
797 2084 865 2119 est
888 2075 1175 2119 incarnatus:
1202 2076 1281 2119 sed
1306 2085 1547 2135 peccatum
1575 2074 1752 2119 actuale
1779 2083 1847 2118 est
1871 2074 2072 2133 gravius,

113 2152 252 2200 quam
273 2138 493 2199 originale
519 2152 782 2200 peccatum:
808 2157 834 2184 <c
850 2142 1043 2186 minima
1065 2142 1188 2187 enim
1205 2156 1355 2201 poena
1376 2142 1565 2186 debetur
1581 2141 1795 2201 originali
1821 2150 2012 2200 peccato
2031 2157 2073 2195 >›,

16 2237 35 2270 3
113 2205 380 2270 ut²August.
406 2207 516 2252 dicit
541 2218 700 2253 contra
719 2208 884 2267 Julian.
918 2209 1012 2266 (lib.
1033 2224 1070 2269 5.
1094 2218 1183 2269 cap.
1206 2211 1314 2268 11.);
1350 2223 1460 2268 ergo
1487 2208 1782 2268 principalius
1821 2208 2073 2252 incarnatio

104 2270 285 2321 —Ghristi
311 2273 545 2319 ordinatur
566 2276 622 2320 ad
645 2275 923 2321 deletionem
946 2276 1194 2321 actualium
1211 2287 1521 2336 peccatorum,
1538 2290 1678 2335 quam
1705 2276 1760 2320 ad
1794 2275 2072 2320 deletionem

107 2339 346 2405 originalis
370 2342 560 2401 peccati.

113 2431 116 2434 ⁴
142 2434 145 2436 —
187 2419 243 2452 α.
268 2407 566 2461 PRAETEREa.
603 2410 801 2455 Peccato
836 2410 1048 2470 originali
1081 2424 1176 2455 non
1209 2410 1398 2455 debetur
1428 2424 1579 2469 poena
1605 2424 1778 2464 sensus,
1805 2409 1885 2454 sed
1922 2408 2074 2453 solum

108 2487 262 2534 poena
292 2475 463 2530 damni,
489 2486 538 2521 ut
561 2477 610 2522 in
642 2490 682 2521 2.
709 2477 916 2522 habitum
943 2489 1011 2522 est
1037 2478 1218 2538 (implic.
1251 2492 1329 2523 1-2.
1363 2492 1401 2536 q.
1435 2479 1504 2536 87.
1537 2483 1617 2522 art.
1638 2491 1675 2536 5.
1708 2491 1798 2536 arg.
1825 2491 1865 2522 2.
1897 2476 1963 2521 sed
1995 2476 2075 2521 cla-

110 2543 202 2589 rius
222 2543 329 2589 ina.
349 2544 460 2589 Dist.
474 2559 530 2603 33.
553 2559 590 2603 q.
616 2559 657 2590 2.
683 2551 764 2591 art.
781 2545 858 2603 1.):
876 2545 956 2590 sed
974 2545 1184 2590 Christus
1202 2544 1327 2589 venit
1349 2558 1432 2603 pro
1451 2543 1760 2589 satisfactione
1777 2553 2074 2604 peccatorum

27 2604 70 2655 -ξ
110 2622 313 2671 :poenam
337 2624 496 2656 sensus
521 2612 616 2670 pati
640 2612 687 2656 in
713 2626 863 2666 cruce,
888 2627 983 2657 non
1011 2623 1165 2656 autem
1190 2625 1389 2672 poenam
1416 2611 1594 2666 damni;
1627 2612 1732 2670 quia
1758 2610 1936 2655 nullum
1958 2609 2076 2654 defe-

25 2679 66 2737 ζ’
110 2686 240 2723 ctum
264 2677 423 2722 habuit
441 2678 620 2724 divinae
644 2679 847 2734 visionis,
874 2689 952 2723 aut
975 2679 1223 2734 fruitionis;
1257 2693 1367 2738 ergo
1401 2678 1695 2738 principalius
1720 2678 1846 2722 venit
1877 2677 1932 2722 ad
1959 2675 2076 2721 dele-

113 2743 289 2790 tionem
315 2746 492 2804 peccati
514 2745 719 2800 actualis,
746 2761 885 2806 quarn
913 2746 1160 2806 originalis.

49 2863 69 2868 ⁷
138 2870 139 2873 Ἰ
208 2825 245 2871 3.
271 2811 568 2858 PRAETEREA.
598 2813 727 2858 Sicut
753 2813 991 2873 Chrysost.
1027 2814 1135 2857 dicit
1168 2815 1213 2858 in
1255 2826 1296 2859 2.
1323 2812 1399 2859 lib.
1432 2813 1486 2857 de
1519 2813 1891 2872 Compunctione
1926 2811 2074 2855 cordis

114 2876 231 2940 (cap.
252 2879 324 2937 5.),
352 2896 375 2922 «
388 2879 462 2923 hic
491 2890 558 2924 est
584 2879 771 2924 affectus
798 2883 915 2924 servi
941 2880 1101 2934 fidelis,
1129 2891 1178 2924 ut
1200 2879 1422 2925 beneficia
1459 2881 1652 2924 Domini
1684 2881 1767 2934 sui,
1800 2894 1916 2939 quae
1951 2893 2072 2923 com-

116 2945 313 3009 muniter
338 2947 550 2990 omnibus
576 2948 679 2991 data
715 2958 832 3002 sunt,
860 2948 989 3006 quasi
1015 2948 1098 2992 sibi
1125 2947 1213 2991 soli
1239 2948 1451 3006 praestita
1478 2958 1675 3007 reputet:
1710 2947 1838 3006 quasi
1870 2947 1992 2990 enim
2019 2946 2074 2988 de

117 3024 167 3057 se
191 3011 292 3057 solo
317 3011 509 3072 loquens
534 3013 703 3058 Paulus
728 3013 791 3058 ita
817 3015 971 3059 scribit
997 3014 1052 3058 ad
1078 3014 1180 3059 Gal.
1204 3028 1259 3058 2.:
1278 3015 1444 3059 Dilexit
1466 3030 1541 3068 me,
1566 3021 1601 3059 et
1623 3014 1797 3059 tradidit
1817 3014 2076 3071 semetipsum

1 3108 11 3114 „
112 3084 193 3138 pro
218 3094 281 3125 me
298 3095 347 3124 »z
374 3081 452 3125 sed
475 3081 656 3140 propria
682 3091 872 3140 peccata
897 3092 1054 3126 nostra
1080 3092 1183 3126 sunt
1211 3080 1429 3125 actualia:
1458 3081 1680 3140 originale
1709 3082 1831 3126 enim
1859 3090 1925 3124 est
1953 3093 2075 3122 com-

119 3158 257 3191 mune
282 3157 551 3206 peccatum;
578 3163 688 3207 ergo
715 3149 837 3192 hunc
866 3147 1080 3193 affectum
1108 3149 1325 3193 debemus
1351 3149 1534 3202 habere,
1558 3159 1604 3193 ut
1631 3149 1942 3193 existimemus
1970 3160 2077 3189 eum

119 3210 427 3273 principaliter
451 3226 634 3274 propter
661 3215 854 3259 actualia
881 3227 1069 3275 peccata
1095 3216 1288 3260 venisse.

151 3304 155 3307 ¹
210 3279 304 3325 SED
331 3294 526 3327 CONTRA
553 3292 633 3336 est,
661 3283 783 3341 quod
805 3282 935 3340 Joan.
969 3297 1003 3327 1.
1028 3283 1214 3327 dicitur:
1238 3284 1344 3328 Ecce
1369 3298 1499 3342 agnus
1524 3284 1624 3337 Dei,
1651 3297 1736 3327 ecce
1761 3283 1833 3340 qui
1859 3280 1969 3325 tollit
1985 3287 2079 3338 pec·

121 3352 216 3394 cata
240 3343 415 3400 mund&
455 3349 579 3407 quod
616 3363 846 3408 exponens
878 3351 1000 3394 Beda
1041 3351 1176 3395 dicit:
1224 3351 1513 3395 «Peccatum
1552 3350 1710 3393 mundi
1748 3348 1910 3392 dicitur
1947 3346 2079 3405 origi-

42 3426 94 3475 ἐξ
121 3413 225 3461 nale
250 3424 505 3473 peccatum,
531 3416 652 3475 quod
680 3428 747 3461 est
773 3431 1020 3462 commune
1046 3419 1183 3462 totius
1217 3418 1371 3462 mundi
1392 3434 1415 3459 »
1448 3417 1677 3475 (colligitur
1702 3430 1752 3460 ex
1777 3417 1862 3473 ejus
1888 3414 1997 3459 hom.
2030 3415 2077 3457 in

46 3475 78 3525 ἑ
122 3485 200 3527 oct.
223 3481 381 3540 Epiph.
411 3487 448 3526 et
472 3482 565 3527 hab.
592 3484 637 3527 in
666 3483 797 3528 Gloss.
821 3484 945 3542 ord).

211 3546 500 3594 Responnno
525 3549 784 3604 dicendum,
810 3552 933 3610 quod
963 3561 1138 3595 certum
1165 3561 1246 3604 est,
1274 3550 1510 3595 Christum
1535 3549 1712 3592 venisse
1738 3548 1784 3591 in
1806 3548 1928 3591 hunc
1951 3561 2078 3591 mun-

62 3618 101 3666 ς’*
116 3611 235 3667 idum
248 3626 343 3659 non
369 3614 528 3660 solum·
546 3615 602 3661 ad
628 3615 874 3662 delendum
898 3616 1012 3662 illud
1036 3627 1292 3676 peccatum,
1318 3616 1441 3675 quod
1473 3616 1731 3660 traductum
1758 3625 1827 3660 est
1851 3613 2078 3673 originali-
