2352 3926
317 212 416 264 160
867 221 1146 268 QUAESTIO
1185 222 1296 262 xv1.
1336 223 1644 262 ARTICULUS
1683 224 1719 263 1.

307 338 462 372 tamen
490 325 767 370 conveniunt
792 337 871 382 per
895 324 1229 369 Incarnationis
1255 325 1534 385 mysterium
1544 326 1592 370 in
1617 340 1711 371 uno
1737 328 1988 403 supposito,
2015 329 2089 372 cui
2108 337 2273 375 neutra

307 394 489 438 illarum
515 394 632 436 inest
657 407 737 450 per
755 390 982 446 accidens,
1005 391 1085 436 sed
1101 406 1182 451 per
1197 406 1270 447 se;
1297 401 1342 437 et
1366 392 1471 437 ideo
1498 393 1613 438 haec
1630 394 1908 453 propositio.
1926 396 2041 440 Deus
2056 400 2114 440 est
2129 395 2263 449 homo,

307 476 401 505 non
428 470 495 504 est
520 474 667 518 neque
693 459 740 502 in
766 459 958 502 materia
983 468 1176 514 remota,
1202 474 1350 519 neque
1377 461 1423 504 in
1450 462 1639 506 materia
1673 463 1972 521 contingenti,
1998 462 2147 508 sedin
2178 462 2271 508 ma-

306 529 419 572 teria
444 526 662 571 naturali:
692 534 736 570 et
768 526 1052 585 praedicatur
1077 526 1224 571 homo
1257 528 1312 572 de
1339 529 1458 582 Deo,
1490 542 1584 572 non
1616 543 1696 586 per
1728 530 1954 584 accidens,
1986 529 2065 574 sed
2093 540 2185 591 per
2199 539 2272 585 se,

307 596 423 640 sicut
448 594 621 653 species
643 593 698 637 de
725 607 806 637 sua
832 593 1085 653 hypostasi,
1115 609 1210 639 non
1243 595 1428 654 quidem
1459 597 1636 640 ratione
1668 596 1845 640 formae
1879 593 2273 658 significataep'er

304 664 395 706 hoc
421 675 593 705 nomen
611 662 737 712 Deus,
762 660 840 704 sed
858 661 1032 705 ratione
1054 662 1289 721 suppositi,
1314 662 1435 721 quod
1460 672 1528 706 est
1543 663 1804 722 hypostasis
1822 664 2053 709 humanae
2065 674 2269 711 naturae.

394 730 470 773 AD
490 741 750 772 SECUNDUM
769 728 1027 781 dicendum,
1045 729 1167 787 quod
1184 738 1274 773 tres
1293 743 1515 788 personae
1536 730 1715 774 divinae
1734 731 2012 775 conveniunt
2027 732 2074 775 in
2094 739 2271 776 natura:

307 797 644 855 distinguuntur
668 806 824 839 tamen
851 796 897 838 in
924 796 1188 854 supposito;
1216 806 1260 840 et
1284 797 1388 840 ideo
1422 811 1516 840 non
1542 798 1861 856 praedicantur
1886 799 1942 842 de
1967 798 2191 843 invicem:
2224 799 2273 844 in

308 864 525 923 mysterio
554 873 707 907 autem
729 863 1062 907 Incarnationis
1089 874 1278 907 naturae
1306 864 1506 922 quidem,
1534 864 1639 923 quia
1665 865 1905 910 distinctae
1937 875 2056 921 sunt,
2083 865 2140 910 de
2164 865 2275 910 invi-

309 946 410 976 cem
436 945 531 974 non
558 930 890 990 praedicantur,
916 930 1169 974 secundum
1196 932 1318 990 quod
1345 931 1658 990 significantur
1677 932 1724 975 in
1748 933 1972 978 abstracto
2000 935 2115 991 (non
2148 933 2271 978 enim

307 1008 468 1043 natura
494 998 646 1041 divina
673 1006 739 1041 est
764 998 1013 1054 humana):
1041 998 1119 1042 sed
1146 998 1252 1058 quia
1285 998 1563 1043 conveniunt
1594 999 1641 1042 in
1673 999 1923 1059 supposito,
1954 1000 2273 1060 praedicantur

308 1067 363 1110 de
389 1080 436 1110 se
462 1065 662 1109 invicem
688 1065 735 1108 in
763 1074 996 1109 concreto.

396 1133 473 1178 AD
492 1145 708 1177 TERTIUM
727 1131 988 1185 dicendum,
1007 1132 1128 1191 quod
1158 1132 1326 1187 anima,
1343 1143 1388 1177 et
1409 1145 1516 1177 caro
1545 1133 1856 1192 significantur
1877 1144 1927 1179 ut
1956 1135 2003 1178 in
2029 1135 2272 1190 abstracto,

306 1201 424 1245 sicut
444 1200 670 1253 divinitas,
693 1209 737 1243 et
756 1199 1043 1253 humanita33
1070 1200 1117 1242 in
1145 1209 1362 1243 concreto
1388 1214 1499 1244 vero
1518 1201 1728 1244 dicuntur
1744 1203 1979 1245 animatum
1998 1211 2041 1245 et
2058 1214 2271 1256 carneum,

306 1269 401 1313 sive
427 1275 687 1328 corporeum,
712 1267 829 1315 sicut
855 1276 900 1311 et
926 1280 980 1310 ex
1008 1266 1095 1310 alia
1121 1276 1247 1325 parte
1274 1269 1404 1319 Deus,
1439 1278 1482 1311 et
1513 1268 1632 1311 homo
1644 1283 1660 1320 ,·
1690 1269 1810 1312 unde
1836 1268 2077 1327 utrobique
2105 1269 2271 1315 abstra-

308 1344 431 1379 ctum
456 1349 552 1379 non
575 1334 863 1394 praedicatur
885 1333 940 1377 de
969 1333 1210 1388 abstracto,
1233 1334 1312 1378 sed
1338 1334 1490 1378 solum
1515 1344 1783 1379 concretum
1809 1335 1865 1379 de
1891 1345 2123 1380 concreto,

398 1402 476 1447 AD
514 1414 753 1452 QUARTUM
780 1400 1040 1454 dicendum,
1067 1401 1189 1460 quod
1216 1401 1307 1444 hoc
1333 1415 1504 1445 nomen
1527 1402 1647 1446 homo
1674 1402 1960 1460 praedicatur
1991 1402 2047 1447 de
2073 1402 2177 1448 Deo
2208 1417 2276 1447 ra-

305 1469 432 1514 tione
459 1469 642 1513 unionis
667 1469 714 1512 in
736 1482 954 1527 persona3
973 1482 1088 1526 quae
1107 1468 1292 1526 quidem
1309 1468 1418 1512 unio
1436 1467 1709 1513 relationem
1734 1469 1977 1528 importat3
1995 1479 2040 1514 et
2057 1469 2161 1515 ideo
2177 1483 2273 1517 non

309 1537 511 1596 sequitur
536 1535 746 1595 regulam
773 1549 934 1580 eorum
970 1535 1227 1590 nominum,
1254 1549 1371 1594 quae
1410 1534 1616 1580 absolute
1646 1536 1965 1595 praedicantur
1999 1536 2055 1581 de
2081 1536 2185 1582 Deo
2217 1537 2273 1582 ab

309 1614 511 1649 aeterno.

1040 1781 1476 1840 ARTICULUS
1519 1783 1591 1838 11.
2190 1767 2267 1846 '101

662 1920 855 1958 UTRUM
895 1919 1043 1958 HAEC
1085 1920 1169 1958 SIT
1210 1920 1374 1958 VERA:
1417 1919 1580 1957 HOMO
1621 1919 1721 1958 EST
1761 1919 1923 1959 DEUS.

932 2031 1075 2088 (Locis
1113 2038 1205 2090 sup.
1250 2036 1318 2075 art
1357 2046 1392 2075 1.
1429 2030 1641 2089 inductis).

396 2142 473 2186 AD
499 2155 760 2187 SECUNDUM
787 2143 850 2187 sic
877 2142 1151 2202 proceditur.
1174 2141 1379 2198 Videtur,
1398 2143 1520 2203 quod
1537 2143 1652 2188 haec
1672 2144 1728 2188 sit
1743 2143 1882 2188 falsa:
1903 2144 2047 2189 Homo
2067 2151 2127 2190 est
2140 2145 2273 2199 Deus;

307 2212 435 2255 Deus
458 2210 581 2254 enim
599 2220 667 2254 est
684 2225 856 2254 nomen
873 2210 1335 2265 incommunicabile3
1359 2212 1477 2255 unde
1497 2211 1603 2270 Sap.
1622 2225 1704 2270 13„
1728 2221 1773 2255 et
1792 2224 1865 2269 15r
1882 2211 2274 2270 reprehenduntur

305 2277 577 2322 idololatrae
603 2277 658 2322 de
685 2278 790 2333 hoc,
806 2268 941 2337 ’quod
967 2279 1058 2322 hoc
1075 2292 1262 2333 nomen,
1280 2280 1412 2333 Deus,
1431 2279 1553 2338 quod
1571 2289 1639 2323 est
1654 2277 2105 2334 incommunicabile,
2121 2279 2273 2339 lignis,

308 2356 352 2390 et
376 2345 600 2404 lapidibus
625 2345 970 2404 imposuerunt3
997 2360 1106 2405 ergo
1134 2346 1232 2405 pari
1254 2346 1430 2391 ratione
1455 2347 1634 2391 videtur
1660 2360 1761 2391 esse
1787 2347 2129 2402 inconveniens,
2151 2347 2274 2407 quod

305 2414 397 2457 hoc
424 2427 596 2456 nomen
622 2413 737 2457 Deus
762 2414 1047 2471 praedicetur
1073 2413 1128 2457 de
1150 2413 1354 2470 homine.

397 2493 437 2524 2.
451 2480 749 2525 PRAETEREA.
767 2480 1000 2539 Quidquid
1018 2480 1304 2539 praedicatur
1322 2481 1376 2525 de
1389 2481 1668 2540 praedicato,
1680 2481 1966 2541 praedicatur
1981 2481 2037 2526 de
2054 2481 2272 2541 subiecto:

308 2547 386 2592 sed
408 2548 522 2591 haec
551 2558 618 2591 est
638 2562 769 2591 vera:
789 2549 904 2592 Deus
928 2554 983 2592 est
1000 2555 1139 2607 pater,
1166 2547 1262 2592 vel:
1286 2549 1401 2592 Deus
1417 2555 1470 2593 est
1495 2549 1708 2602 Trinitas;
1728 2548 1766 2593 si
1791 2562 1901 2608 ergo
1919 2548 2035 2594 haec
2061 2549 2120 2594 sit
2142 2563 2265 2594 vera·

308 2617 449 2661 Homo
475 2622 532 2660 est
552 2616 680 2668 Deus,
708 2615 886 2659 videtur
903 2616 1025 2674 quod
1048 2616 1163 2659 haec
1182 2616 1320 2659 etiam
1347 2616 1403 2660 sit
1429 2630 1559 2660 vera:
1587 2617 1728 2660 Homo
1755 2622 1810 2661 est
1840 2617 1981 2689 Pater,
2003 2615 2102 2661 vel.
2130 2617 2273 2662 Homo

308 2689 362 2728 est
396 2683 610 2728 Trinitas:
639 2696 750 2741 quas
779 2682 964 2740 quidem
990 2693 1114 2741 patet
1140 2697 1238 2726 esse
1260 2682 1423 2737 falsas3
1452 2697 1562 2760 ergo
1591 2693 1635 2727 et
1659 2684 1870 2742 primam.

401 2766 438 2810 3.
465 2751 764 2795 PRAETEREA.
798 2751 848 2793 In
876 2751 947 2793 Ps.
978 2750 1047 2794 80.
1076 2750 1260 2793 dicitur:
1290 2752 1389 2795 Non
1414 2752 1493 2794 erit
1526 2753 1571 2794 in
1604 2758 1640 2796 ta
1671 2752 1785 2795 Deus
1821 2766 1985 2796 recens.-
2011 2750 2090 2795 sed
2126 2751 2272 2796 homo

309 2828 377 2863 est
399 2818 616 2877 quiddam
643 2831 825 2862 recens:
860 2831 954 2861 non
989 2817 1111 2861 enim
1146 2817 1355 2861 Christus
1388 2832 1567 2877 semper
1598 2818 1681 2861 fuit
1712 2819 1882 2872 homo;
1915 2831 2025 2878 ergo
2058 2818 2173 2863 haec
2207 2829 2275 2863 est

308 2885 447 2931 falsa:
475 2884 615 2929 Homo
642 2891 695 2929 est
714 2886 840 2929 Deus.

399 2953 493 2998 SED
521 2965 716 2998 CONTRA
743 2963 823 3006 est,
851 2952 973 3011 quod
1016 2951 1177 2995 dicitur
1202 2951 1337 2996 Rom.
1366 2966 1432 3012 9.:
1459 2953 1527 2996 Ex
1567 2953 1713 3010 quibus
1744 2958 1797 2996 est
1832 2952 2020 2998 Christus
2049 2953 2273 2998 secundum

309 3037 493 3076 carnem,
521 3022 591 3079 qui
617 3026 672 3064 est
696 3027 817 3078 super
843 3021 985 3063 omnia
1011 3020 1126 3063 Deus
1145 3019 1371 3063 benedictus
1397 3020 1441 3062 in
1466 3019 1657 3063 saecula:
1682 3019 1760 3063 sed
1784 3018 1994 3064 Christus
2020 3019 2270 3065 secundum
2333 3032 2341 3049 ³

310 3102 497 3134 carnem
525 3097 592 3132 est
616 3087 787 3141 homo;
815 3100 924 3144 ergo
951 3086 1066 3130 haec
1095 3096 1162 3130 est
1182 3100 1311 3130 vera:
1340 3087 1481 3130 Homo
1509 3092 1563 3130 est
1588 3087 1716 3130 Deus.

398 3155 687 3201 RESPONDEo
716 3154 976 3207 dicendum,
1004 3153 1125 3211 quod
1150 3153 1383 3214 supposita
1401 3153 1589 3197 veritate
1613 3154 1846 3213 utriusque
1871 3164 2074 3209 naturae,
2092 3154 2273 3200 divinae

308 3223 498 3277 scilicet,
526 3231 568 3267 et
594 3222 838 3275 humanae,
867 3231 911 3265 et
928 3221 1097 3264 unione
1119 3221 1166 3263 in
1185 3235 1393 3279 persona,
1421 3230 1465 3264 et
1490 3220 1740 3279 hypostasi,
1762 3221 1876 3266 haec
1895 3231 1963 3266 est
1973 3235 2097 3276 vera,
2114 3230 2159 3268 et
2174 3234 2276 3282 pro-

308 3292 428 3351 pria:
461 3291 601 3335 Homo
634 3296 688 3335 est
719 3290 846 3342 Deus,
882 3288 998 3332 sicut
1031 3298 1074 3332 ct
1105 3288 1214 3332 ista:
1247 3289 1361 3332 Deus
1393 3294 1447 3332 est
1478 3288 1600 3332 homo
1621 3303 1634 3332 .·
1668 3288 1759 3331 hoc
1793 3289 1915 3332 enim
1947 3286 2120 3333 nomen
2153 3288 2272 3333 homo

310 3368 459 3417 potest
505 3370 760 3416 supponere
803 3370 883 3415 pro
928 3355 1128 3414 qualibet
1162 3355 1399 3414 hypostasi
1430 3355 1659 3398 humanae
1697 3365 1908 3410 naturae;
1951 3364 1997 3400 et
2026 3354 2090 3400 ita
2121 3363 2274 3414 potest

310 3439 564 3485 supponere
591 3438 673 3484 pro
701 3437 894 3482 persona
912 3422 1013 3466 Filii
1029 3423 1131 3475 Dei,
1159 3436 1295 3480 quam
1315 3422 1506 3465 dicimus
1530 3436 1626 3465 esse
1645 3422 1931 3480 hypostasim
1949 3417 2180 3466 humanae
2198 3433 2274 3465 na-

311 3503 461 3537 turae:
481 3490 772 3536 manifestum
791 3500 856 3535 est
884 3500 1051 3543 autem,
1079 3489 1200 3548 quod
1228 3490 1283 3532 de
1302 3501 1495 3547 persona
1522 3488 1621 3531 Filii
1644 3489 1731 3532 Dei
1752 3502 1872 3543 vere,
1894 3498 1939 3533 et
1955 3489 2134 3549 proprie
2149 3499 2274 3548 prae*

312 3560 487 3603 dicatur
513 3559 602 3603 hoc
625 3571 797 3602 nomen
824 3558 953 3610 Deus,
982 3566 1031 3600 ut
1055 3556 1100 3599 in
1126 3570 1160 3599 1.
1188 3555 1393 3599 habitum
1413 3565 1479 3599 est
1505 3556 1564 3613 (q.
1584 3570 1647 3613 39.
1667 3562 1746 3600 art.
1768 3571 1802 3615 3.
1829 3562 1866 3601 et
1890 3557 1982 3614 4.):
2005 3555 2127 3600 unde
2145 3554 2274 3600 relin-

313 3626 476 3685 quitur,
500 3626 621 3685 quod
649 3626 763 3670 haec
791 3625 848 3669 sit
873 3638 995 3678 vera,
1022 3633 1066 3668 et
1091 3625 1294 3681 propria:
1324 3622 1463 3667 Homo
1487 3629 1540 3667 cst
1567 3624 1692 3667 Deus.
