2352 3926
678 207 960 255 QUABSTIO
998 207 1090 247 xi..
1133 204 1439 248 Ani-remus
1477 206 1535 245 11.
1974 207 2074 262 343

116 308 348 371 frigidum,
370 318 415 355 et
438 309 636 355 siccum:
663 309 874 355 denarius
901 323 1012 368 ergo
1038 323 1270 364 numerus,
1296 309 1374 369 qui
1399 318 1543 354 totam
1561 307 1761 352 insinuat
1779 305 2080 367 disciplinam,

20 386 23 394 '
118 383 278 437 quater
302 376 478 430 ductus,
500 376 617 422 idest
641 391 850 431 numero,
878 377 955 436 qui
987 377 1171 435 corpori
1202 376 1424 430 tribuitur,
1457 374 1801 435 multiplicatus,
1835 374 2083 434 quadrage-

117 444 296 488 narium
323 443 509 488 concifit
532 458 798 488 numerum:
827 453 871 488 et
894 443 999 487 ideo
1031 452 1227 502 tempus,
1261 458 1352 502 quo
1386 442 1746 502 ingemiscimus,
1778 450 1823 485 et
1853 440 2080 494 dolemus,

5 567 10 574 .
118 511 479 571 quadragenario
497 525 691 555 numero
705 510 957 555 celebratur
978 527 1020 553 ›>.
1038 510 1135 554 Nec
1153 519 1327 554 tamem
1351 510 1657 568 incongruum
1673 507 1771 562 fuit,
1788 518 1837 553 ut
1856 507 2080 561 Christus,

32 610 41 618 .
115 587 220 637 post
239 574 475 637 jejunium,
503 588 548 622 et
573 579 800 622 desertum
828 578 883 621 ad
911 590 1210 622 communem
1236 577 1376 620 vitam
1404 577 1589 630 rediret3
1613 576 1704 620 hoc
1724 575 1846 620 enim
1866 574 2081 620 convenit

114 645 250 700 vitae,
275 646 531 690 secundum
557 659 694 704 quam
723 644 885 703 aliquis
913 643 1223 703 contemplata
1249 642 1350 687 aliis
1367 643 1516 697 tradit,
1534 656 1672 702 quam
1689 642 1898 688 Christus
1917 642 2081 687 dicitur

116 713 430 772 assumpsisse,
457 723 506 757 ut
530 713 679 772 primo
708 710 1086 771 contemplationi
1112 719 1259 765 vacet,
1287 720 1331 754 et
1352 720 1512 769 postea
1539 710 1594 753 ad
1621 709 1855 769 publicum
1889 709 2080 754 actionis

117 778 374 834 descendat,
414 778 512 824 aliis
540 779 853 833 convivendo;
880 779 999 822 unde
1033 788 1077 821 et
1109 777 1232 822 Beda
1268 778 1324 834 (et
1355 779 1550 822 Ambros.
1586 777 1683 822 locis
1714 785 1802 836 sup.
1837 778 1925 835 cit.)
1971 776 2079 821 dicit

116 861 212 906 sup.
230 846 342 892 Mar.
361 859 425 892 2.:
444 846 705 905 «Jejunavit
727 845 951 900 Christus,
969 858 1026 889 ne
1049 853 1342 905 praeceptum
1361 843 1636 888 declinares:
1662 844 1956 890 manducavit
1974 858 2080 889 curn

113 913 442 974 peccatoribus,
468 922 517 958 ut
541 913 735 973 gratiam
758 926 947 957 cernens
975 925 1248 972 agnosceres
1274 920 1543 971 potestatem
1571 928 1612 957 ».

805 1090 1241 1149 ARTICULUS
1274 1091 1375 1146 III.
1994 1116 2081 1160 224

112 1225 305 1268 UTRUM
331 1226 596 1266 CHRISTUS
617 1227 675 1266 IN
696 1227 814 1266 HOC
830 1227 1031 1267 MUNDO
1051 1227 1325 1266 DEBUERIT
1345 1226 1633 1265 PAUPEREM
1648 1225 1825 1265 VITAM
1840 1225 2077 1264 DUCERE·

232 1336 346 1395 (Lib.
368 1351 411 1395 4.
446 1336 592 1383 Contr.
612 1351 650 1397 g.
684 1346 774 1398 cap.
801 1352 859 1398 55.
892 1345 928 1384 et
961 1345 1096 1398 opusc.
1118 1338 1183 1383 18.
1208 1345 1299 1397 cap.
1331 1351 1386 1397 15.
1421 1343 1457 1382 et
1488 1344 1625 1397 opusc.
1650 1351 1720 1382 20.
1744 1343 1834 1396 cap.
1866 1337 1960 1396 15.).

201 1448 278 1494 AD
309 1461 526 1496 TERTIUM
551 1450 615 1495 sic
641 1450 913 1509 proceditur.
940 1450 1146 1504 Videtur,
1174 1450 1297 1509 quod
1336 1449 1545 1494 Christus
1570 1449 1617 1492 in
1642 1449 1735 1492 hoc
1778 1447 1954 1492 mundo
1986 1461 2081 1492 non

112 1515 314 1561 debuerit
338 1531 586 1577 pauperem
611 1518 753 1562 vitam
779 1517 968 1562 ducere
990 1518 1198 1563 Christus
1226 1517 1348 1561 enim
1372 1517 1525 1560 debuit
1543 1515 1923 1574 eligibilissimam
1938 1515 2081 1559 vitam

111 1596 365 1639 assumere3
397 1585 476 1628 sed
508 1584 838 1643 eligibilissima
869 1585 961 1628 vita
994 1594 1074 1639 est,
1108 1598 1224 1644 quae
1245 1587 1324 1628 'est
1367 1584 1612 1627 mediocris
1654 1583 1771 1627 inter
1812 1582 2004 1637 divitias,
2037 1591 2082 1626 et

110 1661 453 1710 paupertatem:
487 1652 650 1696 dicitur
681 1653 805 1696 enim
838 1653 1053 1697 Proverb.
1088 1665 1174 1710 3o.:
1212 1652 1538 1706 Mendicitatem,
1581 1658 1618 1695 et
1657 1650 1829 1695 divitias
1853 1666 1902 1694 ne
1927 1649 2082 1694 dederis

11 1759 17 1770 ζ
110 1718 244 1762 mihi:
272 1720 405 1763 tribue
431 1726 590 1764 tantum
617 1722 749 1764 victui
774 1735 862 1764 meo
888 1721 1118 1764 necessaria
1130 1735 1146 1772 ;
1175 1733 1286 1778 ergo
1311 1719 1519 1763 Christus
1542 1732 1637 1762 non
1660 1718 1812 1762 debuit
1833 1731 2080 1777 pauperem

106 1785 253 1850 yitam
280 1786 459 1840 ducere,
492 1785 571 1830 sed
605 1787 905 1830 moderatam.

198 1865 240 1897 2.
267 1852 565 1899 PRAETEREA.
593 1854 849 1899 Exteriores
876 1855 1059 1898 divitiae
1088 1853 1143 1897 ad
1169 1868 1303 1898 usum
1327 1853 1532 1912 corporis
1556 1853 1835 1907 ordinantur,
1859 1861 2080 1911 quantum

109 1918 166 1963 ad
184 1919 381 1974 victum,
408 1930 452 1964 et
477 1921 715 1966 vestitum.
740 1922 824 1966 sed
852 1922 1097 1966 Christus
1086 1937 1132 1965 m
1159 1922 1295 1976 victu,
1324 1931 1368 1966 et
1392 1922 1558 1966 vestitu
1601 1936 1899 1966 communem
1935 1921 2079 1965 vitam

108 1984 248 2042 duxit,
275 1987 532 2032 secundum
558 1987 750 2033 modum
781 1988 992 2043 aliorum,
1020 1989 1182 2048 quibus
1210 1989 1501 2044 convivebat3
1529 2003 1639 2048 ergo
1666 1989 1856 2043 videtur,
1884 1988 2043 2048 quod
2033 2003 2079 2032 m

108 2051 291 2109 divitiis,
317 2064 362 2099 et
386 2065 652 2115 paupertate
679 2070 978 2101 communem
1004 2057 1198 2101 modum
1223 2056 1405 2101 vivendi
1447 2070 1628 2101 servare
1670 2056 1888 2110 debuerit,
1916 2066 1960 2100 et
1984 2069 2079 2100 non

19 2141 36 2174 ·;
107 2119 175 2165 uti
197 2120 399 2165 maxima
423 2133 700 2182 paupertate.

22 2235 47 2253 ³
123 2199 126 2202 ·
166 2198 170 2205 ·“
189 2200 236 2249 3.
262 2188 560 2236 PRAETEREA.
590 2190 797 2235 Christus
823 2191 1023 2236 maxime
1044 2191 1258 2236 homines
1288 2191 1496 2235 invitavit
1526 2191 1582 2235 ad
1610 2190 1870 2250 exemplum
1895 2189 2078 2234 humili—

105 2254 224 2321 tatis,
249 2256 501 2301 secundum
526 2255 638 2301 illud
665 2258 826 2302 Matth.
859 2273 874 2302 1
890 2272 947 2305 1.:
975 2259 1134 2303 Discite
1161 2273 1187 2303 a
1212 2273 1290 2312 me,
1319 2260 1420 2317 quia
1445 2260 1558 2303 mitis
1572 2274 1678 2312 sum,
1698 2265 1734 2303 et
1750 2259 1916 2303 humilis
1938 2257 2077 2304 corde:

70 2352 74 2354 -
105 2321 444 2368 §ed-humilitas
469 2324 669 2369 maxime
696 2326 1046 2370 commendatur
1071 2326 1117 2370 in
1146 2326 1380 2372 divitibus:
1409 2326 1528 2371 unde
1556 2327 1717 2371 dicitur
1738 2340 1774 2370 1.
1793 2327 1848 2371 ad
1868 2324 2075 2370 Timoth.

106 2387 209 2434 ule:
234 2389 456 2436 Divitibus
480 2391 603 2450 hujus
626 2393 779 2438 saeculi
812 2394 1025 2454 praecipe,
1062 2407 1146 2437 non
1187 2394 1318 2437 altum
1358 2402 1497 2453 sapere
1506 2409 1522 2447 ;
1566 2408 1677 2453 ergo
1718 2393 1909 2448 videtur,
1951 2393 2074 2453 quod

8 2453 42 2507 *ὶὲἱ
71 2499 76 2522 3
106 2454 316 2523 &Erimus
340 2471 435 2502 non
461 2458 665 2504 debuerit
689 2459 855 2504 ducere
888 2474 1135 2520 pauperem
1161 2461 1317 2504 vitam.

148 2523 308 2570 8131>
316 2537 512 2571 CONTRA
540 2536 621 2582 est,
647 2527 769 2586 quod
797 2527 960 2572 dicitur
985 2527 1146 2572 Matth.
1174 2528 1236 2572 8.:
1255 2529 1391 2573 Filius
1413 2529 1591 2574 hominis
1611 2544 1694 2573 non
1716 2529 1837 2574 habet
1856 2530 1930 2572 ubi
1950 2534 2073 2587 caput

26 2587 299 2675 's-Jnclinet:
325 2594 453 2652 quasi
479 2593 614 2649 dicat,
650 2595 903 2638 secundum
941 2595 1277 2655 Hieronymum
1311 2596 1376 2653 (in
1417 2596 1520 2641 illud
1563 2597 1713 2641 Matth.
1751 2597 1822 2641 8..·
1866 2595 2075 2640 Accedens

8 2718 10 2720 q
45 2658 213 2720 {ms
232 2659 447 2716 Scribae):
479 2676 503 2702 α
530 2660 627 2706 Cur
651 2675 726 2706 me
752 2672 937 2722 propter
963 2662 1156 2716 divitias,
1185 2673 1228 2707 et
1253 2662 1426 2707 saeculi
1467 2663 1593 2707 lucra
1627 2663 1753 2722 cupis
1796 2663 1924 2722 sequi
1967 2677 2071 2708 cum

60 2727 255 2773 me
280 2727 366 2772 sim
391 2729 681 2787 paupertatis,
708 2739 757 2773 ut
781 2743 866 2773 nec
892 2730 1144 2789 hospitium
1172 2730 1356 2789 quidem
1382 2730 1595 2785 habeam,
1627 2741 1672 2775 et
1706 2740 1828 2774 tecto
1852 2739 1953 2774 utar
1977 2744 2071 2773 non

91 2792 244 2838 'meoi‘
270 2810 294 2836 »
328 2793 385 2839 Et
416 2809 550 2854 super
580 2794 692 2839 illud
718 2796 879 2841 Matth.
911 2809 1002 2855 17.
1039 2798 1093 2841 Ut
1117 2812 1200 2841 non
1220 2797 1545 2855 scandalizemus
1575 2812 1654 2852 eos,
1693 2797 1799 2842 vade
1842 2796 1897 2841 ad
1938 2812 2070 2851 mare,

14 2866 63 2922 ⁸?ss
105 2857 214 2904 dicit
237 2860 571 2922 Hieronymus:
602 2878 626 2904 «
652 2863 755 2907 Hoc
783 2863 1049 2923 simpliciter
1075 2863 1358 2908 intellectum
1396 2865 1601 2909 aedificat
1645 2865 1925 2919 auditorem;
1959 2864 2069 2907 dum

104 2926 229 2972 audit
251 2937 403 2973 tantae
428 2929 685 2974 Dominum
709 2929 847 2975 fuisse
874 2932 1164 2991 paupertatis,
1192 2941 1241 2976 ut
1266 2932 1386 2976 unde
1412 2932 1578 2977 tributa
1595 2947 1679 2991 pro
1697 2947 1760 2987 se,
1778 2942 1822 2977 et
1841 2931 2069 2991 Apostolo

40 3004 53 3039 51?
105 2989 323 3048 redderet,
349 3009 443 3040 non
468 2996 678 3041 habuerit
702 3014 744 3041 n.

14 3056 41 3103 i.
193 3057 480 3108 Respounzo
506 3063 764 3119 dicendum,
787 3065 910 3124 quod
934 3065 1170 3110 Christum
1190 3066 1373 3111 decuit
1361 3081 1408 3111 in
1429 3067 1520 3111 hoc
1545 3067 1718 3111 mundo
1741 3080 1987 3125 pauperem
2008 3064 2071 3109 vi-

105 3134 201 3170 tam
217 3125 404 3172 ducere:
415 3131 559 3189 primo
575 3130 774 3189 quidem,
793 3132 898 3190 quia
913 3132 1004 3177 hoc
1021 3143 1118 3177 erat
1134 3147 1390 3192 congruum
1408 3133 1759 3192 praedicationis
1784 3132 1952 3186 officio,
1970 3146 2070 3191 pro-

104 3201 204 3251 pter
227 3193 349 3251 quod
380 3195 559 3240 venisse
585 3210 632 3241 se
664 3197 774 3242 dicit
803 3198 949 3243 Marci
981 3213 1016 3243 1.
1030 3201 1242 3244 .Eamus
1267 3201 1312 3244 in
1336 3203 1554 3260 proximos
1578 3202 1706 3254 vicos,
1734 3206 1771 3244 et
1796 3201 1996 3253 civitates,
2025 3205 2069 3244 ut

105 3264 143 3304 et
165 3260 226 3304 ibi
245 3259 510 3319 praedicem:
535 3262 590 3307 ad
613 3264 688 3310 hoc
714 3267 824 3309 enim
849 3267 973 3318 veni;
1002 3277 1183 3326 oportet
1211 3277 1364 3312 autem
1389 3268 1723 3327 praedicatores
1749 3266 1873 3310 verbi
1894 3266 1997 3320 Dei,
2019 3276 2068 3311 ut

106 3325 297 3370 omnino
322 3337 486 3372 vacent
509 3330 850 3388 praedicationi,
876 3333 1067 3377 omnino
1095 3348 1121 3377 a
1147 3334 1451 3379 saecularium
1477 3348 1626 3378 rerum
1657 3347 1763 3377 cura
1801 3347 1898 3377 esse
1935 3334 2070 3378 abso-

104 3391 250 3446 lutos;
277 3393 398 3452 quod
424 3392 574 3439 facere
599 3409 693 3440 non
719 3408 908 3456 possunt
934 3400 1011 3458 qui
1037 3399 1215 3444 divitias
1240 3401 1495 3478 possident3
1520 3400 1638 3443 unde
1667 3410 1710 3443 et
1726 3399 1819 3458 ipse
1838 3400 2066 3445 Dominus

105 3458 357 3518 Apostolos
386 3460 441 3504 ad
467 3462 822 3519 praedicandum
849 3465 1046 3521 mittens,
1075 3467 1184 3511 dicit
1211 3468 1274 3511 eis
1301 3467 1461 3511 Matth.
1496 3480 1582 3511 10.:
1611 3467 1750 3511 Nolite
1765 3466 1969 3526 possidere
1990 3482 2066 3513 au-

105 3540 218 3580 rum,
243 3540 373 3587 neque
398 3534 641 3586 argentum:
674 3537 718 3573 et
743 3529 829 3589 ipsi
855 3530 1070 3591 Apostoli
1097 3534 1254 3578 dicunt
1286 3534 1387 3579 Act.
1415 3532 1478 3578 6.:
1513 3534 1610 3577 Non
1632 3539 1687 3577 est
1708 3547 1884 3591 aequum
1906 3548 1979 3579 nos
2001 3550 2065 3579 re-

106 3592 288 3653 linquere
312 3595 486 3640 verbum
519 3595 603 3640 Dei
633 3601 669 3641 et
699 3598 938 3644 ministrare
960 3601 1135 3654 mensim
1161 3601 1349 3655 secundo,
1385 3600 1490 3659 quia
1517 3599 1632 3644 sicut
1667 3609 1864 3645 mortem
1904 3614 2065 3661 corpo-

20 3225 43 3294 {15132
35 3213 37 3215 -
25 3199 42 3203 ἐ
24 3175 39 3190 ι’
