2352 3926
530 216 539 226 ‘
582 226 870 273 <musmo-
900 225 1088 268 xxxiv.
1129 193 1437 267 Ani-{cutus
1477 224 1548 263 ιν.
1935 223 2035 278 29¹

782 425 1215 484 ARTICULUS
1260 426 1355 481 1v.
1960 439 2040 499 187

280 563 473 603 UTRUM
514 561 781 602 CHRISTUS
821 562 1019 600 FUERIT
1059 562 1370 600 PERFECTUS
1413 562 1846 602 COMPREHENSOR

456 646 513 684 IN
554 643 722 684 PRIMO
762 643 1022 702 INSTANTI
1063 643 1200 681 SUAE
1242 644 1663 683 CONCEPTIONIS.

0 749 13 820 ἓ
39 798 42 802 ,
80 718 85 721 ³
116 723 130 810 ξ,
154 785 162 792 .,
212 729 233 746 ι’
525 737 559 829 '³
719 754 862 811 (Locis
885 761 1001 812 supr.
1026 758 1107 798 art.
1130 767 1166 812 3.
1194 752 1416 810 adductis).

0 843 77 918 {siff}
115 888 145 920 «ς
174 840 253 912 Ab
268 877 505 918 wARTUM
531 865 595 909 sic
622 864 894 924 proceditur.
918 863 1124 923 Videtur,
1150 863 1273 923 quod
1303 863 1512 908 Christus
1537 877 1633 907 non
1663 863 1797 908 fuerit
1822 863 2048 923 perfectus

0 911 31 1009 ἐξ
76 931 447 991 'comprehensor
472 933 517 976 in
544 932 693 992 primo
721 932 906 976 instanti
931 946 1039 976 suae
1066 931 1403 990 conceptionis:
1427 931 1641 975 meritum
1668 932 1791 975 enim
1816 932 2048 991 praecedit

0 1000 20 1055 ζ,
80 1000 356 1063 praemium,
382 997 500 1044 sicut
524 1009 569 1044 et
591 998 725 1058 culpa
751 1012 974 1058 poenam:
1007 998 1086 1042 sed
1115 998 1325 1043 Christus
1347 998 1394 1041 in
1421 999 1570 1056 primo
1598 999 1782 1042 instanti
1808 1013 1917 1043 suae
1945 1014 2049 1044 con-

82 1066 308 1126 ceptionis
333 1066 514 1120 meruit,
536 1065 651 1110 sicut
677 1065 849 1109 dictum
877 1075 945 1109 est
973 1065 1072 1121 (art.
1093 1066 1279 1124 praec.):
1314 1079 1421 1108 cum
1447 1079 1556 1124 ergo
1584 1075 1724 1109 status
1753 1066 2049 1125 comprehen-

3 1163 25 1190 5
84 1134 200 1181 soris
225 1133 284 1178 sit
307 1132 556 1193 principale
579 1132 848 1191 praemium,
874 1132 1050 1176 videtur
1075 1132 1197 1191 quod
1233 1131 1440 1177 Christus
1466 1133 1512 1176 in
1540 1133 1688 1191 primo
1721 1133 1907 1178 instanti
1937 1149 2046 1179 suae

86 1199 399 1260 conceptionis
425 1214 519 1244 non
551 1199 686 1243 fuerit
719 1198 1092 1258 comprehensor.
1261 1201 1272 1213 ”

26 1280 32 1319 ζ
175 1279 217 1317 2.
243 1267 540 1315 PRAETEREA.
559 1266 789 1310 Dominus
816 1266 925 1310 dicit
942 1266 1054 1321 Luc.
1081 1265 1176 1324 ult.:
1204 1266 1323 1310 Haec
1345 1268 1535 1325 oportuit
1562 1266 1776 1320 Christum
1791 1269 1900 1326 pati,
1924 1275 1963 1312 et
1985 1269 2048 1312 ita

83 1336 246 1382 intrare
275 1335 322 1378 in
349 1334 532 1393 gloriam
562 1348 707 1379 suam.-
730 1333 808 1377 sed
835 1332 985 1391 gloria
1010 1333 1205 1392 pertinet
1221 1333 1276 1377 ad
1294 1342 1463 1377 statum
1487 1333 1909 1391 comprehensoris;
1934 1348 2046 1393 ergo

88 1401 296 1447 Christus
315 1414 410 1445 non
434 1400 521 1445 fuit
543 1393 589 1444 in
616 1411 734 1444 statu
762 1400 1163 1458 comprehensoris
1188 1400 1235 1443 in
1258 1400 1406 1459 primo
1427 1400 1615 1444 instanti
1640 1414 1749 1444 suae
1775 1401 2045 1460 conceptio-

84 1468 170 1523 nis,
195 1467 378 1528 quando
406 1467 554 1511 adhuc
580 1466 755 1511 nullam
779 1467 1055 1514 sustinuerat
1080 1467 1356 1524 passionem.

179 1549 216 1594 3.
238 1533 535 1579 PRAETEREA.
553 1532 667 1579 Illud
697 1533 819 1591 quod
845 1546 940 1576 non
968 1533 1183 1577 convenit
1208 1547 1291 1576 nec
1320 1532 1514 1586 homini,
1536 1547 1621 1577 nec
1655 1533 1838 1592 angelo,
1869 1534 2048 1579 videtur

86 1615 184 1646 esse
211 1600 444 1660 proprium
470 1601 603 1654 Deo;
631 1610 675 1644 et
699 1600 760 1643 ita
786 1613 880 1643 non
909 1600 1123 1644 convenit
1140 1600 1343 1654 Christo,
1361 1599 1614 1645 secundum
1637 1601 1759 1658 quod
1777 1601 1947 1645 homo:
1966 1602 2042 1646 sed

22 1706 26 1717 .,
85 1682 264 1729 semper
289 1681 387 1712 esse
411 1667 595 1711 beatum
628 1681 722 1710 non
750 1669 964 1710 convenit
991 1681 1076 1710 nec
1108 1666 1300 1720 homini,
1326 1681 1411 1711 nec
1440 1666 1627 1725 angelo:
1653 1667 1692 1710 si
1709 1669 1831 1711 enim
1856 1667 2047 1713 fuissent

86 1735 259 1780 conditi
284 1734 418 1788 beati,
450 1734 746 1793 postmodum
777 1747 871 1777 non
903 1743 1190 1792 peccassent3
1227 1747 1338 1791 ergo
1378 1733 1602 1788 Christus,
1639 1735 1890 1779 secundum
1921 1735 2045 1794 quod

16 1802 248 1859 ᾗ·,,Ῑιοπ]ο,
273 1811 369 1846 non
389 1800 474 1845 fuit
497 1801 656 1844 beatus
682 1800 728 1843 in
755 1800 903 1859 primo
929 1800 1114 1844 instanti
1142 1814 1249 1844 suae
1278 1800 1606 1859 conceptionis.
1798 1839 1807 1848 .

43 1871 51 1916 J
110 1878 112 1880 '
176 1868 271 1914 SED
305 1880 500 1913 CONTRA
533 1877 612 1921 est,
640 1867 761 1926 quod
786 1867 949 1910 dicitur
973 1867 1019 1910 in
1042 1866 1161 1910 Psal.
1189 1865 1274 1923 64:
1303 1868 1466 1921 Beatus,
1498 1883 1616 1925 quem
1640 1868 1804 1925 elegisti,
1831 1874 1870 1913 et
1894 1883 2047 1914 assum-

48 1933 229 1998 fisisii:
262 1935 399 1995 quod,
436 1934 687 1978 secundum
731 1933 884 1978 Gloss.
919 1932 1029 1989 (ord.
1063 1933 1213 1991 Aug),
1241 1932 1429 1977 refertur
1465 1934 1519 1976 ad
1546 1935 1798 1978 humanam
1831 1945 2042 1980 naturam

22 2028 24 2031 ·
87 2001 274 2056 Christi,
317 2015 473 2061 «quae
515 2010 746 2059 assumpta
785 2010 852 2044 est
884 2015 908 2043 a
946 1999 1099 2044 Verbo
1132 2001 1220 2044 Dei
1251 2000 1297 2043 in
1325 2000 1546 2044 unitatem
1574 2015 1855 2059 personae»
1890 2003 2007 2046 sed
1996 2017 2042 2046 m

40 2069 236 2154 {primo
262 2068 446 2113 instanti
472 2066 786 2126 conceptionis
812 2066 895 2111 fuit
921 2076 1152 2126 assumpta
1184 2066 1387 2111 humana
1419 2077 1578 2110 natura
1622 2082 1646 2110 a
1688 2067 1843 2112 Verbo
1878 2069 1968 2113 Dei
1999 2070 2047 2113 in

44 2130 306 2192 απίξωῖειπ
331 2149 576 2194 personae3
601 2149 710 2193 ergo
736 2135 783 2177 in
805 2134 954 2193 primo
981 2133 1167 2177 instanti
1185 2147 1292 2178 suae
1316 2134 1630 2192 conceptionis
1650 2134 1873 2190 Christus,
1892 2150 2049 2181 secun-

13 2200 200 2272 [fidum
224 2203 347 2262 quod
373 2202 535 2256 homo,
561 2201 644 2245 fuit
668 2201 850 2255 beatus;
879 2200 1001 2259 quod
1030 2210 1095 2244 est
1123 2215 1222 2245 esse
1249 2200 1701 2259 comprehensorem.

35 2268 462 2321 ..;;.R1·:8PONDEO
490 2268 750 2322 dicendum,
783 2268 921 2326 quod,
953 2269 1069 2312 sicut
1111 2282 1166 2312 ex
1201 2267 1332 2312 dictis
1369 2277 1493 2326 patet
1524 2269 1625 2324 (art.
1640 2270 1820 2327 praec),
1843 2283 1938 2312 non
1963 2268 2048 2313 fuit

6 2328 378 2392 'cenvenienffi
404 2346 454 2381 ut
480 2336 689 2381 Christus
715 2336 760 2379 in
779 2349 860 2379 sua
878 2334 1181 2394 conceptione
1200 2335 1427 2392 acciperet
1446 2335 1640 2393 gratiam
1658 2335 1939 2380 habitualem
1954 2346 2049 2380 tan-

86 2411 184 2462 ψῃ)
209 2403 378 2464 absque
403 2413 533 2458 actu;
560 2403 737 2462 accepit
762 2402 885 2447 enim
912 2402 1105 2460 gratiam
1132 2416 1227 2445 non
1251 2401 1306 2445 ad
1325 2416 1603 2456 mensuram,
1620 2412 1670 2446 ut
1685 2417 1821 2461 supra
1840 2403 2047 2448 habitum

74 2462 161 2528 «ξιτ
180 2469 243 2531 (q.
268 2484 306 2531 7.
329 2477 410 2516 art.
438 2486 479 2531 9.
505 2486 570 2516 ιο.
597 2477 636 2516 et
659 2485 708 2516 12
713 2469 772 2527 .);
801 2469 945 2528 gratia
972 2478 1126 2514 autem
1151 2469 1353 2523 viatoris,
1382 2483 1492 2513 cum
1514 2468 1572 2514 sit
1596 2470 1812 2515 deficiens
1845 2485 1870 2515 a
1902 2472 2047 2530 gratia

75 2537 500 2599 {comprehensoria
518 2537 655 2582 habet
679 2550 943 2581 mensuram
961 2536 1189 2580 minorem
1208 2546 1419 2595 respectu
1436 2536 1608 2595 gratiae
1627 2538 2046 2597 comprehensoris:

42 2603 207 2670 ξαπάε
231 2603 524 2649 manifestum
551 2615 631 2658 est,
659 2604 781 2663 quod
816 2603 1063 2648 Christus
1051 2618 1097 2646 1n
1124 2605 1273 2662 primo
1299 2603 1486 2648 instanti
1511 2618 1619 2649 suae
1646 2607 1966 2681 conceptionis
1979 2621 2048 2651 ac-

6 2688 9 2690 ·
43 2669 209 2730 ,ερρίκ
225 2683 320 2715 ποπ
344 2669 496 2716 solum
521 2680 696 2714 tantam
718 2670 930 2728 gratiam,
947 2678 1164 2728 quantam
1184 2670 1594 2729 comprehensores
1613 2671 1795 2726 habent,
1813 2672 1892 2716 sed
1910 2672 2048 2716 etiam

54 2735 302 2790 :gemnibus
327 2736 792 2796 comprehensoribus
818 2736 1066 2794 majorem:
1096 2746 1142 2780 et
1166 2736 1273 2795 quia
1300 2737 1444 2794 gratia
1469 2736 1546 2780 illa
1572 2752 1667 2781 non
1692 2737 1777 2782 fuit
1800 2738 1897 2782 sine
1931 2749 2048 2792 actu,

39 2795 372 2863 lcoasequens
398 2814 466 2848 est
491 2803 613 2864 quod
640 2813 743 2847 actu
768 2802 903 2847 fuerit
928 2803 1304 2861 comprehensor,
1327 2803 1523 2848 videndo
1538 2803 1692 2848 Deum
1709 2819 1788 2864 per
1805 2806 2048 2850 essentiam

29 2866 257 2928 -fsclarius
283 2870 470 2915 caeteris
498 2870 727 2914 creaturis.

178 2934 259 2987 AD
287 2948 474 2987 PRIMUM
501 2950 611 2995 ergo
639 2935 899 2990 dicendum,
923 2935 1061 2994 quod,
1087 2935 1204 2980 sicut
1228 2950 1364 2996 supra
1391 2936 1564 2982 dictum
1593 2947 1670 2982 est
1686 2938 1746 2997 (q.
1772 2954 1840 2998 19.
1867 2946 1949 2984 art.
1971 2939 2044 2997 3),

8 2960 82 3066 Ᾰῖῗῖξι
75 3000 301 3060 {Cbmtus
325 3017 421 3055 non
441 3003 608 3048 meruit
622 3002 819 3062 gloriam
843 3003 1039 3056 animae,
1062 3003 1314 3046 secundum
1333 3017 1471 3062 quam
1494 3004 1657 3048 dicitur
1674 3005 2049 3064 comprehensor,

73 3065 176 3130 ‘5⁷‘qu
192 3067 395 3129 ,gloriam
422 3070 640 3130 corporis,
668 3069 725 3114 ad
751 3084 889 3129 quam
916 3083 996 3128 per
1023 3083 1151 3114 suam
1186 3070 1448 3128 passionem
1473 3071 1691 3130 pervenit.

76 3135 89 3182 f·
180 3132 315 3181 Unde
340 3145 462 3196 patet
484 3137 723 3196 responsio
750 3150 812 3181 AD
839 3149 1112 3181 SECUNDUM.

181 3200 257 3253 AD
289 3213 505 3254 Tannum
531 3203 795 3258 dicendum,
817 3202 939 3262 quod
960 3202 1185 3256 Christus,
1213 3217 1266 3247 ex
1293 3203 1383 3247 hoc
1411 3203 1532 3262 quod
1555 3203 1638 3248 fuit
1662 3204 1802 3256 Deus,
1821 3213 1865 3247 et
1889 3203 2049 3258 homo,

79 3262 234 3324 setiam
258 3267 306 3313 in
331 3283 413 3314 sua
434 3269 717 3314 humanitate
743 3269 903 3314 habuit
922 3268 1089 3328 aliquid
1108 3284 1215 3328 prae
1234 3270 1426 3315 caeteris
1455 3270 1684 3323 creaturis,
1706 3280 1755 3314 ut
1777 3269 1951 3315 scilicet
1967 3281 2052 3315 sta-

78 3334 183 3389 litim
200 3349 226 3380 a
239 3335 460 3397 principio
488 3347 607 3386 esset
627 3337 800 3387 beatus.
