2352 3926
604 201 883 248 ouans-rm
925 200 1085 240 Lxxv.
1126 200 1434 240 tumemus
1473 200 1565 238 vn.
1983 184 2085 254 665

111 303 440 349 2instantanea:
475 305 620 364 primo
653 303 853 363 quidem,
886 304 991 363 quia
1027 303 1276 348 substantia
1310 301 1515 361 corporis
1542 300 1728 355 Christi,
1765 300 1820 345 ad
1847 314 1986 359 quam
2010 309 2095 343 ter-

133 370 331 416 minatur
352 371 436 415 ista
464 372 720 424 conversio,
737 385 830 415 non
847 370 1035 430 suscipit
1061 370 1221 429 magis,
1247 383 1394 429 neque
1412 369 1586 412 minus:
1612 367 1801 423 secundo,
1819 367 1924 427 quia
1941 367 1987 410 in
2004 367 2093 411 hac

135 438 436 482 conversione
472 453 566 482 non
595 449 660 482 est
687 438 871 497 aliquod
905 438 1172 496 subjectum,
1198 438 1320 496 quod
1340 437 1595 482 successive
1612 446 1925 496 praeparetur:
1951 436 2087 487 tertio,

133 503 239 564 quia
265 505 412 564 agitur
436 505 526 549 Dei
550 506 713 549 virtute
744 505 932 549 infinita.

224 571 300 616 AD
336 584 525 617 Paruum
562 586 672 630 ergo
708 571 966 625 dicendum,
1005 571 1128 630 quod
1167 571 1353 630 quidam
1390 585 1484 616 non
1517 570 1785 631 simpliciter
1821 569 2094 623 concedunt,

134 639 257 698 quod
282 639 399 683 inter
423 638 651 698 quaelibet
687 639 778 683 duo
814 639 1029 683 instantia
1055 639 1111 683 sit
1135 649 1315 697 tempus
1343 639 1561 682 medium.
1600 638 1774 682 Dicunt
1799 638 1937 692 enim,
1971 636 2094 697 quod

134 706 224 751 hoc
250 706 389 751 habet
412 706 569 751 locum
594 707 640 750 in
667 706 843 751 duobus
865 706 1149 759 instantibus,
1172 719 1287 764 quae
1314 704 1566 749 referuntur
1589 705 1644 749 ad
1667 705 1882 749 eumdem
1899 712 2094 758 motum,

70 800 78 815 ι
133 787 229 818 non
255 784 408 820 autem
434 774 481 818 in
507 774 684 819 duobus
706 774 988 827 instantibuS,
1015 787 1131 835 quae
1158 772 1412 816 referuntur
1439 773 1494 816 ad
1522 773 1724 817 diversa:
1752 773 1871 816 unde
1897 773 2013 816 inter
2033 771 2098 814 in-

134 850 273 895 stanS,
300 842 424 900 quod
450 850 684 886 mensurat
715 840 855 884 finem
881 840 1059 899 quietis,
1086 850 1131 884 et
1157 839 1278 883 aliud
1304 839 1492 893 instans,
1528 841 1650 898 quod
1679 848 1911 884 mensurat
1935 837 2099 898 princi-

134 908 262 967 pium
288 918 456 962 motus,
479 922 574 952 non
606 918 674 952 est
696 916 878 966 tempus
910 907 1128 951 medium.
1159 906 1250 950 Sed
1276 906 1322 952 in
1355 906 1446 950 hoc
1473 907 1781 965 decipiuntur:
1816 906 1921 965 quia
1947 905 2095 950 unitas

134 975 368 1035 temporis,
394 986 440 1020 et
463 975 684 1028 instantis,
721 974 796 1019 vel
832 974 970 1018 etiam
1006 972 1239 1033 pluralitas
1273 987 1434 1017 eorum
1477 968 1575 1017 non¹
1598 973 1817 1032 accipitur
1841 972 2094 1017 secundum

134 1055 449 1102 quoscumque
475 1052 642 1095 motus,
674 1041 754 1086 sed
789 1041 1041 1086 secundum
1068 1041 1267 1100 primum
1304 1050 1483 1084 motum
1521 1039 1654 1095 coeli,
1681 1040 1758 1099 qui
1784 1050 1852 1084 est
1882 1052 2097 1084 mensura

135 1109 286 1155 omnis
311 1119 480 1163 motus,
506 1119 551 1153 et
576 1109 753 1168 quietis.
782 1109 837 1153 Et
861 1109 965 1152 ideo
989 1108 1066 1152 alii
1092 1109 1183 1152 hoc
1211 1107 1471 1151 concedunt
1495 1107 1542 1151 in
1567 1117 1791 1165 tempore,
1817 1107 1939 1166 quod
1973 1119 2097 1150 men-

135 1185 260 1221 surat
292 1186 473 1220 motum
509 1176 844 1234 dependentem
881 1190 934 1219 ex
970 1185 1100 1220 motu
1136 1174 1277 1219 coeli:
1305 1185 1410 1219 sunt
1445 1184 1599 1218 autem
1636 1174 1822 1232 quidam
1858 1183 2011 1217 motus
2043 1186 2098 1217 ex

135 1252 266 1288 motu
297 1242 417 1287 coeli
441 1257 535 1287 non
562 1243 882 1302 dependentes,
909 1257 994 1287 nec
1022 1243 1076 1286 ab
1105 1256 1160 1286 eo
1188 1241 1452 1295 mensurati,
1479 1241 1594 1286 sicut
1619 1241 1667 1284 in
1704 1254 1739 1285 1.
1758 1241 1930 1284 dictum
1948 1250 2018 1285 est
2041 1238 2097 1283 de

136 1310 335 1355 motibus
354 1309 624 1369 angelorum
652 1310 709 1369 (q.
731 1325 788 1370 53.
818 1317 901 1355 art.
924 1311 980 1370 3.)
995 1326 1011 1363 ;
1031 1311 1150 1354 unde
1177 1310 1293 1354 inter
1319 1310 1409 1354 duo
1437 1309 1652 1354 instantia
1684 1307 1773 1352 illis
1800 1307 1998 1353 motibus
2030 1320 2099 1350 re-

133 1377 405 1437 spondentia
428 1391 524 1421 non
550 1388 619 1421 est
641 1388 821 1436 tempus
848 1379 1066 1422 medium.
1095 1377 1185 1421 Sed
1206 1378 1296 1421 hoc
1314 1391 1409 1421 non
1432 1377 1572 1421 habet
1587 1376 1753 1420 ‘locum
1771 1376 1816 1420 in
1834 1374 2096 1435 proposito:

134 1445 240 1504 quia
265 1445 473 1504 quamvis
509 1445 594 1489 ista
630 1445 869 1490 conversio
907 1444 1160 1490 secundum
1187 1459 1236 1489 se
1262 1459 1357 1489 non
1388 1444 1556 1488 habeat
1588 1443 1803 1487 ordinem.
1831 1442 1888 1486 ad
1914 1451 2095 1485 motum

136 1512 270 1566 coeli,
297 1513 589 1571 consequitur
603 1510 758 1556 tamen
776 1511 1081 1571 prolationem
1098 1512 1358 1565 verborum,
1377 1525 1516 1570 quam
1532 1524 1719 1555 necesse
1737 1519 1805 1554 est
1821 1518 1950 1553 motu
1978 1507 2096 1552 coeli

134 1580 410 1624 mensurari:
437 1589 481 1623 et
505 1579 610 1624 ideo
637 1593 823 1624 necesse
851 1589 932 1634 est,
958 1580 1075 1624 inter
1100 1579 1328 1638 quaelibet
1347 1578 1438 1622 duo
1456 1578 1670 1622 instantia
1688 1577 1811 1620 circa
1834 1577 1969 1620 istam
1990 1589 2097 1619 con-

133 1647 393 1692 versionem
418 1647 596 1706 signata
617 1661 715 1691 esse
739 1656 920 1705 tempus
947 1647 1166 1692 medium.
1196 1646 1400 1698 Quidam
1428 1659 1537 1704 ergo
1561 1645 1730 1699 dicunt,
1758 1643 1880 1702 quod
1906 1643 2094 1695 instans,

133 1715 182 1759 in
198 1728 290 1774 quo
308 1713 470 1758 ultimo
489 1723 554 1758 est
571 1714 714 1773 panis,
727 1723 772 1758 et
787 1714 1030 1768 instans,in
1040 1727 1131 1773 quo
1149 1713 1298 1772 primo
1318 1722 1386 1757 est
1403 1727 1568 1771 corpus
1588 1711 1776 1765 Christi,
1793 1720 1897 1755 sunt
1913 1709 2098 1769 quidem

135 1782 226 1826 duo
252 1795 333 1841 per
357 1781 751 1840 comparationem
778 1781 834 1825 ad
864 1790 1140 1835 mensurata,
1175 1781 1254 1825 sed
1281 1790 1385 1825 sunt
1410 1794 1555 1823 unum
1590 1793 1671 1837 per
1698 1778 2097 1837 comparationem

136 1849 192 1894 ad
217 1858 394 1908 tempus
421 1862 713 1903 mensurans;
731 1849 848 1892 sicut
863 1863 968 1892 cum
991 1848 1107 1892 duae
1124 1847 1272 1892 lineae
1298 1862 1347 1891 se
1370 1847 1656 1905 contingunt,
1684 1854 1788 1890 sunt
1814 1845 1905 1888 duo
1928 1852 2096 1903 puncta

136 1931 190 1961 ex
214 1926 341 1976 parte
367 1916 559 1960 duarum
585 1915 826 1969 linearum,
849 1930 992 1959 unum
1026 1926 1178 1959 autem
1205 1924 1426 1974 punctum
1454 1928 1509 1957 ex
1534 1923 1660 1972 parte
1687 1912 1782 1956 loci
1807 1911 2097 1956 continentis.

137 1983 228 2028 Sed
253 1983 344 2028 hoc
369 1996 465 2027 non
491 1992 560 2027 est
584 1982 760 2037 simile3
785 1983 890 2041 quia
916 1983 1103 2036 instans,
1131 1992 1175 2026 et
1201 1992 1383 2040 tempus
1410 1980 1755 2040 particularibus
1782 1979 1982 2029 motibus
2004 1991 2099 2021 non

137 2060 207 2096 est
229 2063 444 2095 mensura
466 2050 726 2103 intrinseca,
752 2051 870 2094 sicut
885 2049 1021 2104 linea,
1039 2059 1084 2094 et
1099 2059 1319 2108 punctum
1339 2048 1630 2107 corporibus;
1657 2047 1737 2091 sed
1760 2046 1914 2091 solum
1940 2045 2102 2089 extrin-

136 2131 257 2171 seca,
282 2116 398 2161 sicut
425 2117 690 2175 corporibus
715 2116 858 2160 locus.
887 2116 1022 2160 Unde
1046 2115 1122 2159 alii
1148 2116 1318 2169 dicunt,
1344 2115 1467 2174 quod
1495 2125 1563 2158 est
1588 2115 1711 2158 idem
1733 2114 1906 2158 instans
1932 2127 1994 2167 re,
2021 2111 2100 2156 sed

138 2183 261 2230 aliud
284 2184 484 2228 ratione:
516 2184 597 2228 sed
623 2183 876 2228 secundum
912 2183 1003 2227 hoc
1030 2192 1305 2241 sequeretur,
1332 2182 1455 2240 quod
1492 2181 1674 2225 realiter
1715 2181 1926 2239 opposita
1952 2188 2103 2224 essent

137 2250 288 2305 simul,
323 2265 433 2295 nam
465 2251 701 2295 diversitas
735 2251 924 2294 rationis
957 2264 1052 2294 non
1087 2251 1233 2294 variat
1268 2249 1438 2308 aliquid
1475 2263 1529 2292 ex
1566 2258 1692 2308 parte
1719 2249 1798 2292 rei.
1826 2247 1882 2292 Et
1905 2246 2009 2290 ideo
2042 2244 2104 2288 di-

137 2319 336 2363 cendum
362 2328 443 2372 est,
469 2318 592 2377 quod
618 2317 733 2362 haec
768 2317 1026 2371 conversi0‚
1053 2317 1170 2361 sicut
1195 2317 1370 2360 dictum
1397 2326 1465 2360 est
1491 2316 1558 2374 (in
1585 2323 1700 2375 corp.
1728 2316 1847 2371 art),
1872 2313 2102 2373 perficitur

137 2399 217 2446 per
240 2385 380 2430 verba
406 2384 594 2439 Christi,
621 2399 738 2444 quae
765 2399 790 2428 a
816 2385 1053 2429 sacerdote
1091 2383 1404 2443 proferuntur3
1431 2384 1492 2427 ita
1528 2384 1651 2442 quod
1685 2382 1899 2427 ultimum
1931 2382 2103 2426 instans

138 2452 406 2512 prolationis
430 2452 677 2496 verborum
703 2462 771 2496 est
795 2452 995 2512 primum
1031 2452 1218 2505 instans,
1245 2452 1292 2494 in
1318 2466 1410 2510 quo
1438 2461 1506 2495 est
1540 2452 1586 2494 in
1619 2459 1909 2495 sacramento
1937 2462 2102 2507 corpus

141 2519 336 2564 Christi:
360 2519 407 2564 in
433 2529 532 2563 toto
569 2529 723 2564 autem
760 2529 969 2578 tempore
1002 2518 1302 2578 praecedente
1330 2530 1399 2562 est
1423 2518 1485 2561 ibi
1511 2518 1761 2563 substantia
1787 2518 1941 2576 panis;
1975 2516 2102 2573 cujus

139 2585 358 2646 temporis
391 2599 485 2630 non
527 2596 596 2631 est
631 2586 838 2644 accipere
875 2586 1060 2645 aliquod
1098 2586 1270 2630 instans
1307 2585 1514 2643 proxime
1550 2585 1827 2643 praecedens
1863 2583 2102 2637 ultimum;

142 2653 248 2712 quia
272 2662 451 2712 tempus
475 2666 572 2697 non
597 2654 890 2713 componitur
916 2667 970 2697 ex
995 2653 1264 2697 instantibus
1307 2662 1642 2711 consequenter
1668 2667 1716 2696 se
1742 2651 2028 2704 habentibus,
2054 2659 2103 2693 ut

142 2720 358 2780 probatur
381 2718 423 2764 6.
456 2719 639 2779 Physic.
670 2721 715 2777 (a
733 2722 910 2780 princ).
937 2720 993 2764 Et
1017 2720 1120 2764 ideo
1159 2729 1229 2764 est
1253 2719 1439 2778 quidem
1466 2720 1573 2764 dare
1613 2719 1810 2778 primum
1836 2718 2023 2771 instans,
2055 2716 2102 2759 in

142 2802 234 2847 quo
277 2797 345 2832 est
381 2801 545 2846 corpus
582 2787 779 2842 Christi;
814 2801 910 2832 non
947 2796 1015 2831 est
1047 2797 1200 2831 autem
1236 2786 1343 2831 dare
1380 2786 1593 2830 ultimum
1630 2787 1818 2839 instans,
1853 2785 1901 2828 in
1927 2798 2018 2843 quo
2046 2783 2102 2828 sit

142 2854 391 2900 substantia
417 2855 560 2913 panis‚·
585 2854 665 2899 sed
692 2865 759 2899 est
785 2855 891 2899 dare
917 2854 1128 2898 ultimum
1159 2863 1363 2911 tempus:
1392 2864 1435 2898 et
1461 2854 1583 2898 idern
1610 2863 1677 2897 est
1707 2853 1753 2896 in
1776 2851 2103 2895 mutationibus

142 2921 437 2975 naturalibus,
464 2931 514 2965 ut
538 2930 662 2980 patet
688 2935 768 2980 per
793 2919 967 2965 Philos.
994 2921 1040 2964 in
1068 2921 1109 2964 8.
1136 2921 1317 2979 Physic.
1346 2921 1448 2979 (tex.
1477 2921 1577 2979 72.).

231 2990 308 3034 An
345 3001 607 3034 SECUNDUM
645 2988 903 3041 dicendum,
939 2988 1062 3047 quod
1098 2988 1145 3031 in
1182 2988 1508 3032 mutationibus
1535 2986 1831 3031 instantaneis
1869 2983 2006 3029 simul
2037 2995 2105 3029 est

144 3055 256 3110 fieri,
283 3066 329 3101 et
353 3055 527 3100 factum
554 3069 676 3109 esse;
703 3055 820 3099 sicut
844 3054 980 3099 simul
1006 3065 1073 3099 est
1098 3055 1360 3109 illuminari,
1388 3065 1431 3098 et
1453 3054 1763 3098 illuminatum
1790 3066 1912 3097 esse:
1941 3051 2105 3096 dicitur

144 3123 268 3168 enim
293 3124 341 3167 in
372 3123 538 3168 talibus
564 3122 738 3166 factum
764 3136 878 3176 esse,
904 3122 1156 3167 secundum
1182 3123 1304 3181 quod
1321 3124 1415 3181 jam
1442 3132 1529 3175 est;
1547 3121 1644 3165 fieri
1667 3130 1834 3173 autem,
1852 3119 2104 3164 secundum

92 3190 102 3201 “’
145 3191 271 3251 quod
297 3201 401 3235 ante
427 3204 523 3234 non
554 3188 650 3234 fuit.

234 3258 312 3303 AD
339 3269 556 3302 TERTmM
582 3256 843 3308 dicendum,
875 3256 998 3314 quod
1028 3256 1115 3300 ista
1151 3255 1407 3308 conversio,
1434 3254 1550 3298 sicut
1590 3254 1763 3298 dictum
1798 3262 1866 3297 est
1903 3253 1970 3311 (in
2002 3259 2104 3311 resp.

147 3324 217 3370 ad.
243 3326 318 3383 r.),
335 3324 385 3368 fit
405 3325 453 3368 in
479 3323 643 3368 ultimo
669 3322 853 3367 instanti
878 3323 1146 3381 prolationis
1171 3323 1414 3366 verborum
1431 3338 1441 3375 ;
1459 3331 1566 3365 tunc
1591 3321 1714 3364 enim
1737 3319 1993 3379 completur
2012 3333 2108 3364 ver-

146 3392 313 3436 borum
338 3390 630 3450 significatio,
655 3403 771 3449 quae
797 3398 866 3434 est
896 3388 1055 3434 efficax
1076 3389 1123 3433 in
1155 3398 1552 3434 sacramentorum
1588 3386 1772 3442 formis3
1801 3397 1846 3432 et
1870 3386 1973 3431 ideo
2010 3399 2104 3430 non

148 3458 364 3518 sequitur,
388 3459 512 3518 quod
537 3458 622 3502 ista
649 3455 890 3501 conversio
915 3455 973 3500 sit
996 3456 1271 3502 successiva.
