2352 3926
317 225 414 278 170
837 227 1114 271 QUAESTIO
1156 228 1267 267 XVI.
1307 229 1616 276 ARTICULUS
1658 231 1732 270 ix.

394 327 469 370 An
507 340 767 371 SECUNDUM
801 327 1060 383 dicendum,
1087 329 1209 387 quod
1243 344 1349 377 cum
1379 330 1470 377 hoc
1502 333 1643 379 verbo
1674 335 1827 393 incipit
1850 348 1944 378 non
1970 336 2262 395 sequitnr‘ar·

304 403 572 449 gumentum
602 393 654 436 ab
682 393 886 438 inferiori
912 394 968 438 ad
1001 396 1229 454 superius:
1256 411 1352 441 non
1378 399 1502 442 enim
1528 401 1752 459 sequitur:
1778 400 1870 445 hoc
1894 401 2056 461 incipit
2079 404 2179 448 esse
2203 404 2264 448 al-

303 458 437 513 bum;
466 474 575 523 ergo
601 460 760 518 incipit
782 475 879 505 esse
903 461 1184 517 coloratum3
1213 474 1257 508 et
1281 464 1371 509 hoc
1397 465 1516 520 ideo,
1543 467 1649 525 quia
1673 467 1874 526 incipere
1898 468 2261 528 importatnunc

302 539 414 579 esse,
439 537 482 569 et
507 541 601 570 non
628 527 775 584 prius:
802 542 895 571 non
916 536 1068 573 autem
1094 531 1313 589 sequitur:
1342 532 1432 576 hoc
1448 547 1543 578 non
1562 544 1657 578 erat
1682 534 1804 593 prius
1829 534 2010 590 album3
2037 540 2262 596 ergossnon

302 603 398 635 erat
422 593 543 651 prius
571 592 852 638 coloratum:
881 610 979 640 esse
1006 606 1158 640 autem
1186 597 1451 657 simpliciter
1473 611 1541 644 est
1561 601 1765 660 superius
1793 601 1849 645 ad
1875 615 1974 646 esse
1997 603 2261 660 hominum

300 659 419 702 unde
445 673 539 702 non
565 661 788 718 sequitur:
819 661 1029 708 Christus
1053 663 1224 723 incepit
1249 679 1348 710 esse
1373 666 1540 711 homo:
1565 682 1676 726 ergo
1703 668 1878 730 incepit*
1898 682 2010 714 esse.

389 726 466 770 AD
497 739 711 772 TERTmM
737 728 997 784 dicendum,
1015 731 1137 790 quod
1155 732 1245 776 hoc
1260 747 1433 778 nomen
1459 734 1598 790 homo,
1621 736 1874 780 secundum
1897 736 2019 795 quod
2044 737 2277 797 accipitur-

298 806 380 851 pro
401 792 601 848 Christo,
627 794 735 839 licet
760 795 984 854 significet
999 798 1252 845 humanam
1270 810 1495 855 naturam,
1513 815 1629 860 quae
1651 802 1821 862 incepit
1837 817 1961 858 esse3
1986 813 2141 848 tamen
2160 819 2262 864 sup-

298 860 428 918 ponit
453 861 738 919 suppositum
767 873 1018 919 aeternum,
1052 866 1174 924 quod
1201 881 1299 912 esse
1325 881 1418 911 non
1451 867 1643 927 incepit3
1670 879 1715 913 et
1738 869 1844 914 ideo
1878 870 1984 929 qui-a
2007 871 2260 916 secundum

299 927 421 984 quod
448 928 630 986 ponitur
655 929 701 972 in
729 930 946 989 subjecto,
979 941 1158 976 tenetur
1182 948 1265 992 pro
1292 934 1543 993 supposito,
1569 936 1824 980 secundum
1857 947 2010 981 autem
2036 938 2160 997 quod
2182 925 2276 998 Ρο-1

294 996 417 1038 nitur
442 995 488 1038 in
514 996 791 1054 praedicato,
818 997 1007 1045 refertur
1034 999 1090 1043 ad
1114 1010 1339 1055 naturam,
1371 1002 1475 1046 ideo
1502 1002 1618 1046 haec
1645 1013 1713 1047 est
1736 1002 1874 1049 falsa:
1901 1004 2042 1050 Homo
2073 1005 2260 1051 Christus

296 1076 373 1106 esse
405 1063 581 1122 incepit:
609 1065 687 1108 sed
714 1064 828 1109 haec
856 1076 923 1110 est
948 1080 1069 1120 vera,
1100 1067 1286 1129 Christus
1307 1069 1460 1128 incepit
1485 1084 1561 1114 esse
1582 1070 1738 1115 Homo.

1032 1230 1464 1288 ARTICULUS
1508 1234 1577 1288 X.
2176 1263 2258 1311 109

399 1365 592 1403 UTRUM
625 1365 772 1404 HAEC
805 1367 888 1404 SIT
924 1367 1088 1406 VERA:
1126 1367 1413 1418 CHRISTUS,
1446 1370 1747 1408 SECUNDUM
1777 1370 1936 1416 QUOD
1971 1371 2157 1423 HOMO,

1060 1450 1160 1487 EST
1189 1450 1494 1489 CREATURA.

855 1563 911 1621 (3.
938 1564 1051 1607 Dist.
1076 1577 1119 1619 4.
1146 1578 1184 1622 q.
1212 1580 1247 1610 1.
1275 1570 1357 1609 art.
1384 1579 1425 1610 2.
1449 1579 1488 1623 q.
1514 1579 1551 1610 1.
1579 1573 1695 1623 corp.

529 1635 567 1673 et
591 1643 628 1687 q.
656 1644 694 1673 2.
722 1629 776 1673 ad
801 1644 837 1688 3.
865 1636 901 1673 ει
925 1631 1035 1674 Dist.
1063 1646 1128 1675 Io.
1157 1645 1195 1689 q.
1221 1646 1254 1676 Ι.
1284 1637 1363 1675 art.
1387 1647 1422 1676 1.
1451 1646 1490 1690 q.
1517 1646 1556 1676 2.
1583 1638 1619 1676 et
1648 1632 1758 1677 Dist.
1785 1647 1844 1678 Π.
1872 1631 2018 1696 ad3.).

380 1739 456 1783 ΑΒ
489 1753 713 1784 DECIMUM
740 1742 802 1784 sic
830 1741 1103 1801 proceditur.
1130 1740 1336 1797 Videtur,
1359 1742 1480 1801 quod
1506 1742 1622 1786 haec
1648 1743 1704 1786 sit
1723 1742 1861 1788 falsa:
1890 1743 2095 1797 Christus,
2121 1756 2258 1792 mun-

291 1806 391 1850 dum
417 1806 525 1864 quod
549 1807 687 1862 homo,
713 1814 769 1854 est
789 1815 1004 1863 creatura,
1027 1808 1102 1853 vel
1122 1809 1291 1868 incepit
1316 1823 1438 1855 esse:
1464 1809 1579 1854 nihil
1611 1810 1735 1854 enim
1756 1810 1804 1854 in
1831 1809 2018 1856 Christo
2044 1820 2113 1856 est
2137 1822 2259 1859 crea·

290 1883 404 1926 tum,
431 1873 518 1917 nisi
549 1873 752 1919 humana
777 1885 960 1920 natura:
989 1875 1068 1920 sed
1099 1876 1215 1920 haec
1249 1886 1316 1920 est
1339 1875 1472 1920 falsa:
1501 1875 1708 1931 Christus,
1729 1876 1952 1922 secmtdum
1975 1877 2086 1937 quod
2115 1878 2254 1933 homo,

290 1946 346 1985 est
367 1940 551 1985 humana
575 1947 733 1986 natura
741 1957 758 1995 ;
787 1957 897 2001 ergo
930 1942 1046 1987 haec
1073 1943 1212 1988 etiam
1238 1952 1306 1988 est
1330 1942 1468 1989 falsa:
1501 1943 1706 2000 Christus,
1728 1944 1949 1995 secundum
1981 1945 2090 2004 quod
2114 1945 2251 2000 homo,

290 2014 347 2053 est
377 2015 586 2059 creatura.

380 2088 420 2120 2.
447 2076 745 2122 PRAETEREA.
779 2078 1102 2125 Praedicatum
1128 2079 1276 2138 magis
1308 2078 1592 2138 praedi-catur
1625 2079 1680 2124 de
1706 2080 1903 2124 termino
1935 2079 1983 2124 in
2009 2079 2258 2140 reduplica-

288 2143 413 2186 tione
433 2143 599 2201 posito,
626 2159 764 2204 quarn
791 2146 846 2189 de
871 2145 972 2205 ipso
1000 2146 1205 2205 subjecto
1224 2146 1573 2205 propositionis:
1601 2146 1719 2191 sicut
1743 2146 1782 2191 si
1808 2147 1982 2192 dicam:
2006 2159 2172 2207 corpus
2192 2160 2257 2192 se-

290 2210 491 2254 cundum
524 2211 646 2269 quod
673 2211 946 2267 coloratum,
974 2223 1040 2258 est
1064 2213 1255 2268 visibile,
1289 2213 1490 2272 sequitur
1522 2213 1646 2273 quod
1678 2213 1937 2259 coloratum
1968 2215 2028 2259 sit
2049 2210 2253 2260 visibile:

287 2278 366 2322 sed
392 2278 507 2321 haec
525 2293 619 2322 non
647 2289 714 2324 est
739 2280 960 2335 absolute,
982 2281 1100 2325 sicut
1125 2281 1297 2325 dictum
1325 2292 1392 2325 est
1410 2280 1510 2337 (art.
1533 2282 1574 2326 8.
1602 2287 1638 2326 et
1665 2297 1707 2341 9.
1727 2283 1906 2342 praem),
1935 2280 2254 2326 concedenda:

286 2345 427 2389 Homo
458 2346 645 2391 Christus
671 2354 725 2392 est
757 2355 978 2402 creatzcra;
1014 2363 1124 2407 ergo
1157 2363 1304 2408 neque
1331 2349 1470 2393 haec:
1510 2349 1710 2404 Christus,
1730 2349 1954 2394 secundum
1979 2348 2088 2409 quod
2111 2349 2253 2406 homo,

286 2419 341 2458 est
367 2419 576 2458 creatura.

381 2494 418 2539 3.
450 2480 747 2526 PRAETEREA.
783 2482 1018 2542 Quidquid
1049 2483 1334 2543 praedicatur
1365 2482 1420 2527 de
1453 2497 1746 2543 quocumque
1772 2483 2253 2540 homine,se0undum

288 2547 410 2606 quod
436 2548 597 2602 homo,
624 2549 911 2607 praedicatur
943 2551 997 2594 de
1026 2565 1082 2594 eo
1110 2565 1189 2609 per
1215 2565 1277 2604 se,
1305 2560 1349 2594 et
1373 2550 1662 2609 simpliciter:
1695 2551 1819 2595 idem
1840 2551 1966 2595 enim
1991 2560 2060 2596 est
2081 2564 2165 2611 per
2188 2565 2253 2606 se,

286 2624 332 2658 et
357 2615 608 2659 secundum
635 2616 758 2674 quod
783 2616 948 2675 ipsum,
976 2628 1025 2661 ut
1050 2618 1213 2661 dicitur
1238 2631 1274 2674 ς.
1301 2617 1503 2676 Metaph.
1525 2618 1624 2674 (tex.
1647 2619 1732 2678 23.)
1748 2634 1765 2662 .·
1783 2618 1861 2662 sed
1882 2617 1998 2662 haec
2021 2627 2089 2662 est
2110 2615 2251 2662 falsat
2274 2617 2278 2620 ’

289 2682 475 2727 Christus
500 2690 556 2727 est
571 2691 651 2742 per
675 2699 728 2737 se,
752 2690 789 2728 ει
812 2685 1055 2743 simpliciter
1087 2691 1308 2737 creatura;
1342 2698 1452 2743 ergo
1481 2684 1619 2728 etiam
1645 2685 1760 2729 haec
1788 2694 1856 2729 est
1878 2683 2016 2729 falsa:
2047 2684 2250 2739 Christus,

284 2749 503 2794 secundum
529 2749 636 2808 quod
658 2751 795 2805 homo,
818 2758 871 2795 est
888 2758 1096 2796 creatura.
1961 2754 1964 2758 ’

378 2817 471 2862 SED
499 2831 709 2863 CONTRA.
739 2818 895 2864 Omne
922 2820 1044 2878 quod
1072 2830 1155 2873 est,
1177 2818 1251 2863 vel
1277 2830 1344 2864 est
1371 2829 1562 2873 creator,
1589 2818 1662 2863 vel
1685 2829 1915 2863 creatura:
1939 2818 2020 2863 sed
2046 2818 2161 2863 haec
2184 2829 2251 2864 est

284 2883 420 2929 falsa:
456 2884 658 2939 Christus,
685 2885 904 2930 secundum
926 2887 1033 2944 quod
1059 2887 1194 2940 homo,
1223 2893 1277 2931 est
1303 2893 1487 2932 creator:
1518 2900 1628 2944 ergo
1655 2886 1770 2930 haec
1798 2896 1866 2931 est
1885 2899 2016 2931 vera:
2044 2885 2249 2941 Christus,

282 2952 503 2997 secundum
521 2952 628 3011 quod
653 2953 789 3007 homo,
817 2960 871 2998 est
897 2959 1105 2998 creatura.

372 3019 660 3064 RESPONDEO
695 3020 954 3073 dicendum,
981 3020 1104 3079 quod
1139 3035 1244 3064 cum
1279 3021 1465 3064 dicitur:
1496 3020 1697 3073 Christus,
1725 3019 1945 3065 secundum
1969 3020 2080 3080 quod
2109 3020 2246 3075 homo,

283 3087 373 3131 hoc
400 3101 572 3131 nornen
599 3088 736 3142 homo,
764 3097 912 3146 potest
938 3088 1107 3131 resumi
1133 3090 1178 3131 in
1206 3087 1578 3145 reduplicatione,
1611 3088 1676 3132 vel
1707 3088 1884 3132 ratione
1915 3086 2250 3148 suppositi,‘'vel

282 3154 457 3198 ratione
483 3165 693 3199 naturae:
717 3157 752 3198 si
780 3154 966 3213 quidem
988 3165 1242 3198 resumatur
1261 3156 1436 3199 ratione
1463 3155 1701 3213 suppositi,
1729 3169 1834 3199 cum
1861 3155 2250 3215 suppositum-hu·

283 3236 446 3266 manae
472 3231 660 3267 naturae
692 3221 738 3265 in
766 3221 952 3266 Christo
980 3222 1036 3265 sit
1062 3231 1312 3275 aeternum,
1343 3232 1386 3266 et
1412 3222 1679 3276 increatum,
1707 3222 1822 3267 haec
1854 3223 1939 3266 erit
1962 3221 2098 3267 falsa:
2126 3218 2252 3268 Chri·

281 3297 378 3343 stus,
406 3290 625 3334 secundum
644 3289 751 3349 quod
776 3290 912 3342 homo,
932 3295 986 3333 est
1003 3295 1220 3333 creatura:
1248 3290 1285 3332 si
1312 3303 1421 3333 vero
1444 3299 1700 3333 resumatur
1726 3290 1902 3334 ratione
1926 3290 2251 3337 hnmanaena-

282 3367 423 3411 turae,
451 3358 515 3401 sic
543 3368 610 3402 est
635 3371 764 3402 vera:
793 3356 896 3415 quia
924 3357 1098 3400 ratione
1125 3356 1354 3400 humanae
1381 3367 1583 3410 naturae,
1607 3357 1702 3400 sive
1724 3357 1976 3401 secundum
1991 3356 2243 3402 humanum

282 3434 505 3479 naturam,
539 3425 753 3468 convenit
785 3424 826 3468 ei
859 3437 957 3468 esse
991 3433 1259 3477 creaturam,
1294 3433 1342 3468 ut
1373 3437 1507 3482 supra
1540 3424 1712 3468 dictum
1745 3433 1815 3469 est
1847 3423 1950 3480 (art.
1976 3424 2020 3470 83
2050 3423 2136 3469 hui.
2166 3420 2244 3483 9.).

284 3491 532 3536 Sciendum
564 3502 734 3546 tamen,
761 3491 884 3550 quod
911 3505 1081 3535 nomen
1107 3491 1170 3534 sic
1198 3500 1483 3549 resumptum
1509 3491 1555 3534 in
1588 3490 2117 3551 reduplicationemagis
2141 3505 2242 3550 pro-

282 3558 375 3616 prie
401 3568 579 3603 tenetur
605 3573 686 3617 pro
719 3569 895 3612 natura,
921 3572 1059 3618 quam
1092 3572 1173 3617 pro
1208 3560 1465 3617 supposito:
1496 3559 1739 3603 resumitur
1771 3559 1895 3603 enim
1926 3558 1975 3603 in·
1998 3558 2045 3603 vi
2066 3558 2242 3619 praedia

284 3626 386 3680 cati,
419 3627 539 3685 quod
574 3636 750 3672 tenetur
768 3625 1041 3671 formaliter:
1070 3626 1190 3671 idem
1216 3626 1337 3670 enim
1372 3636 1439 3670 est
1471 3626 1622 3671 dictu:
1655 3625 1859 3681 Christus,
1885 3625 2108 3672 secundum·
2137 3626 2246 3686 quod
