2352 3926
271 195 343 250 34
836 186 1110 235 Quansno
1148 186 1205 225 11.
1245 183 1553 225 AR’r1cuLus
1593 182 1651 221 11.

272 296 413 340 modo
440 295 481 339 ei
507 294 678 347 unitur;
697 302 740 336 et
756 292 818 335 sic
841 289 1039 335 totaliter
1065 287 1239 333 tollitur
1262 284 1588 331 incarnationis
1612 282 1748 328 fides:
1775 282 1899 342 quod
1921 292 1991 328 est
2010 282 2225 330 subruere

270 372 415 407 totam
442 361 577 405 fidem
604 358 919 411 christianam3
947 355 1052 415 quia
1078 369 1190 413 ergo
1217 353 1421 397 Verbum
1446 351 1584 396 habet
1621 360 1832 395 naturam
1854 349 2109 395 humanam
2140 349 2226 395 sibi

273 430 460 481 unitam,
482 441 575 471 non
609 436 756 469 autem
787 424 841 467 ad
868 436 998 467 suam
1029 430 1237 465 naturam
1266 419 1468 463 divinam
1494 419 1810 476 pertinentem,
1832 430 2117 477 consequens
2141 427 2225 472 est,

272 497 392 555 quod
420 497 517 539 unio
541 496 595 538 sit
610 494 731 551 sacta
757 493 801 534 in
835 490 958 534 Verbi
975 497 1168 548 persona,
1195 502 1279 531 non
1304 489 1350 530 in
1374 492 1542 530 natura.
2091 537 2106 543 ς

358 563 434 606 AD
460 573 645 606 PRIMUM
673 571 781 615 ergo
810 556 1068 609 dicendum,
1110 555 1231 614 quod
1257 552 1365 597 licet
1404 553 1450 596 in
1476 552 1579 596 Deo
1605 563 1700 595 non
1738 552 1796 595 sit
1821 549 1943 595 aliud
1974 550 2224 599 seeundum

273 643 369 673 rem
396 638 568 679 natura,
596 636 639 669 et
664 638 881 684 persona3
909 622 1056 667 differt
1090 632 1246 666 tamen
1286 620 1538 664 secundum
1564 618 1755 662 modum
1783 617 2085 676 significandi,
2109 618 2228 665 sicut

271 696 440 738 dictum
467 705 533 737 est
552 693 613 748 (in
639 699 753 750 corp.
781 698 861 735 art.
861 691 901 747 ),
927 689 1031 748 quia
1057 702 1251 748 persona
1268 685 1492 746 significat
1517 699 1596 744 per
1622 685 1814 729 modum
1839 684 2151 741 subsistenti-33
2181 695 2228 731 et

270 762 374 819 quia
391 770 548 803 natura
570 759 773 802 humana
799 759 861 801 s'ic
885 757 1035 800 unitur
1060 755 1228 808 Verbo,
1255 763 1303 797 ut
1323 753 1528 797 Verbum
1553 753 1600 796 in
1619 766 1673 796 ea
1698 751 1925 806 subsistat,
1948 764 2045 797 non
2071 758 2226 797 autem

270 837 318 870 ut
343 826 509 885 aliquid
538 826 726 869 addatur
758 825 799 868 ei
841 824 895 867 ad
922 825 1147 867 rationem
1174 835 1282 866 suae
1303 830 1508 873 naturae,
1533 818 1609 863 vel
1633 828 1683 863 ut
1722 819 1818 876 ejus
1842 827 2006 863 natura
2029 817 2079 863 in
2103 818 2226 865 aliud

266 901 607 946 transmutetur3
634 892 738 936 ideo
763 891 872 934 unio
898 890 1127 934 humanae
1152 899 1340 933 naturae
1368 888 1423 931 ad
1458 887 1666 931 Verbum
1689 885 1783 930 Dei
1809 884 1930 931 facta
1961 894 2030 931 est
2052 885 2103 931 in
2125 899 2226 946 per-

267 974 394 1013 sona,
420 974 514 1003 non
540 960 586 1002 in
608 969 781 1002 natura.

354 1027 429 1070 An
456 1039 715 1070 SECUNDUM
731 1024 988 1077 dicendum,
1014 1023 1135 1082 quod
1159 1021 1454 1081 personalitas
1475 1020 1703 1064 intantum
1729 1019 1926 1079 pertinet
1949 1018 2006 1065 ad
2031 1018 2223 1079 &gnita-

266 1104 358 1138 tem
386 1093 573 1151 alicujus
599 1095 676 1145 rei,
711 1101 755 1136 et
780 1090 1121 1151 perfectionem,
1147 1090 1416 1148 inquantum
1454 1087 1510 1131 ad
1553 1088 1824 1145 dignitatem
1849 1085 2043 1146 aiicujus
2067 1086 2154 1141 rei,
2179 1096 2226 1132 et

268 1159 594 1218 perfectionem
635 1160 730 1216 ejus
772 1158 977 1217 pertinet,
1005 1158 1126 1216 quod
1153 1171 1233 1215 per
1258 1171 1306 1201 se
1333 1156 1515 1209 existat3
1557 1155 1681 1213 quod
1706 1154 1754 1198 in
1778 1153 1969 1199 nomine
2000 1165 2224 1214 personae

266 1226 549 1285 intelligitur:
573 1226 752 1283 dignius
775 1234 929 1269 autem
955 1234 1023 1269 est
1049 1224 1199 1278 alicui,
1223 1224 1345 1282 quod
1363 1223 1523 1267 existat
1539 1221 1586 1265 in
1605 1220 1759 1281 aliquo
1786 1235 1836 1266 se
1856 1221 2069 1281 digniori,
2085 1233 2226 1281 quam
2272 1244 2275 1247 ¹

266 1294 387 1351 quod
414 1293 574 1336 existat
598 1307 677 1351 per
698 1306 770 1346 se;
788 1301 834 1335 et
848 1291 952 1335 ideo
971 1306 1025 1337 ex
1046 1292 1137 1335 hoc
1155 1291 1254 1350 ipso
1277 1291 1481 1334 humana
1496 1298 1659 1333 natura
1674 1288 1856 1347 dignior
1872 1297 1942 1335 est
1956 1288 2005 1334 in
2021 1287 2224 1343 Christo,

266 1374 403 1418 quam
428 1360 475 1402 in
501 1359 646 1412 nobis,
664 1359 786 1417 quod
807 1359 854 1402 in
879 1358 1011 1402 nobis
1038 1358 1167 1417 quasi
1191 1372 1272 1416 per
1298 1371 1347 1402 se
1374 1357 1569 1401 existens
1595 1356 1830 1415 propriam
1853 1355 2226 1416 personalitatem

266 1428 415 1481 habet,
441 1428 487 1470 in
516 1427 701 1471 Christo
725 1437 877 1471 autem
905 1427 1053 1471 existit
1076 1426 1123 1469 in
1150 1439 1345 1485 persona
1370 1424 1533 1469 Verbi:
1558 1424 1676 1468 sicut
1697 1423 1837 1468 etiam
1863 1437 1964 1479 esse
1989 1423 2226 1484 completi-

264 1509 373 1537 vum
399 1494 566 1553 speciei
590 1494 782 1553 pertinet
804 1494 859 1537 ad
883 1493 1150 1551 dignitatem
1172 1492 1348 1536 formae
1369 1507 1378 1535 :
1402 1502 1557 1536 tamen
1577 1491 1845 1536 sensitivum
1870 1489 2068 1536 nobilius
2085 1499 2156 1536 est
2176 1490 2226 1535 in

266 1561 452 1604 homine
478 1571 662 1619 propter
689 1560 1060 1618 conjunctionem
1094 1560 1149 1603 ad
1176 1558 1454 1603 nobiliorem
1483 1558 1684 1604 formam
1717 1556 2060 1618 completivam,
2084 1571 2226 1618 quam

265 1629 320 1671 sit
341 1627 387 1670 in
409 1628 540 1671 bruto
569 1627 767 1680 animali,
794 1627 839 1670 in
867 1641 957 1685 quo
986 1637 1055 1670 est
1079 1626 1228 1670 forma
1257 1626 1548 1685 completiva.
2064 1660 2065 1663 η

353 1694 429 1738 An
457 1706 670 1738 TERTmM
698 1694 956 1747 dicendum,
1005 1695 1127 1752 quod
1158 1693 1363 1737 Verbum
1389 1693 1480 1737 Dei
1524 1708 1547 1734 α
1579 1707 1674 1737 non
1700 1692 1949 1752 assumpsit
1969 1692 2224 1740 humanam

264 1770 470 1804 naturam
495 1761 541 1803 in
578 1759 833 1814 universali,
861 1760 1012 1809 sedin
1045 1770 1204 1804 atomo
1231 1777 1257 1802 n
1293 1760 1430 1818 (idest
1469 1760 1516 1804 in
1554 1759 1825 1817 individuo),
1857 1761 1976 1805 sicut
1998 1759 2218 1805 Damasc.

263 1827 370 1871 dicit
389 1827 479 1883 (lib.
503 1842 538 1885 3.
569 1828 689 1872 Orth.
717 1827 810 1871 Fid.
834 1835 927 1886 cap.
945 1827 1043 1882 IL),
1063 1827 1265 1886 alioquin
1283 1837 1528 1886 oporteret,
1552 1827 1675 1886 quod
1702 1826 1889 1872 cuilibet
1906 1825 2090 1872 homini
2114 1840 2221 1872 con·

262 1894 434 1937 veniret
454 1908 551 1938 esse
573 1894 663 1938 Dei
687 1894 904 1949 Verbum,
932 1894 1048 1938 sicut
1074 1895 1290 1938 convenit
1316 1894 1527 1939 Christo:
1557 1894 1795 1939 sciendum
1820 1902 1890 1939 est
1913 1903 2088 1948 tamen,
2098 1894 2222 1954 quod

263 1974 356 2004 non
392 1960 622 2019 quodlibet
655 1961 941 2004 individuum
981 1961 1027 2004 in
1061 1974 1227 2019 genere
1269 1961 1548 2006 substantiae
1585 1961 1722 2006 etiam
1749 1961 1797 2006 in
1823 1960 2224 2007 rationalinatura

262 2027 397 2071 habet
422 2028 644 2071 rationem
676 2041 912 2086 personae,
954 2028 1033 2072 sed
1060 2028 1213 2073 solum
1239 2027 1366 2082 illud,
1394 2028 1517 2087 quod
1558 2042 1638 2087 per
1672 2042 1719 2072 se
1753 2029 1915 2083 existit,
1939 2039 2036 2073 non
2067 2038 2223 2073 autem

262 2094 382 2153 quod
409 2094 555 2138 existit
579 2095 625 2138 in
653 2094 741 2138 alio
768 2093 1051 2154 perfectiori3
1078 2095 1198 2139 unde
1225 2109 1390 2139 manus
1420 2095 1638 2149 Socratis,
1671 2094 1881 2154 quamvis
1907 2095 1966 2140 sit
1989 2094 2221 2155 quoddam

261 2161 557 2215 individuum,
581 2176 674 2206 non
700 2172 855 2206 tamen
883 2173 951 2207 est
977 2177 1198 2221 persona;
1226 2165 1331 2222 quia
1357 2177 1452 2207 non
1478 2177 1556 2222 per
1582 2176 1630 2207 se
1658 2162 1820 2217 existit,
1846 2162 1926 2208 sed
1947 2162 1996 2206 in
2020 2161 2224 2222 quodam

261 2227 531 2286 perfectiori,
558 2228 730 2273 scilicet
753 2229 799 2272 in
825 2243 910 2274 suo
942 2239 1063 2284 toto;
1087 2239 1132 2274 et
1152 2230 1242 2274 hoc
1271 2229 1411 2274 etiam
1435 2239 1586 2289 potest
1616 2229 1866 2289 significari
1893 2230 1940 2274 in
1959 2229 2068 2284 hoc,
2098 2229 2230 2290 quod,

260 2309 455 2353 persona
476 2296 638 2340 dicitur
660 2298 888 2341 substantia
909 2297 1147 2351 individua,-
1177 2311 1271 2342 non
1291 2297 1415 2342 enim
1433 2311 1596 2342 manus
1616 2307 1685 2342 est
1706 2297 1959 2343 substanfia»
1976 2295 2227 2358 completa,

259 2363 337 2406 sed
365 2377 466 2421 pars
492 2364 765 2408 substantiae
779 2379 790 2418 ;
805 2364 912 2409 licet
933 2379 1043 2424 ergo
1070 2365 1185 2409 haec
1211 2365 1416 2408 humana
1436 2374 1598 2408 natura
1615 2367 1672 2410 sit
1688 2364 1922 2424 quoddam
1936 2363 2222 2411 individuum

261 2430 305 2471 in
333 2443 497 2486 genere
520 2430 809 2485 substantiae,
836 2432 941 2491 quia
967 2442 1121 2476 tamen
1160 2444 1258 2476 non
1286 2447 1366 2491 per
1397 2446 1446 2476 se
1472 2432 1718 2490 separatim
1752 2431 1916 2487 existit,
1939 2431 2022 2479 sed
2039 2431 2090 2479 in
2113 2445 2225 2492 qno·-¹

262 2496 367 2539 dam
394 2496 664 2555 perfectiori,
691 2498 867 2543 scilicet
891 2499 937 2543 in
963 2514 1161 2559 persona
1186 2500 1277 2544 Dei
1292 2499 1445 2554 Verbi,
1473 2512 1760 2559 consequens
1786 2509 1855 2545 est
1880 2498 2005 2559 quod
2022 2499 2222 2547 amhn·

260 2563 363 2606 beat
389 2563 756 2622 personalitatem
782 2568 1035 2625 propriam;
1053 2577 1096 2611 et
1121 2567 1225 2611 ideo
1251 2566 1372 2611 facta
1399 2577 1466 2612 est
1492 2567 1602 2611 unio
1627 2567 1676 2611 in
1696 2580 1907 2627 persona.

958 2730 1390 2790 ARTICULUS
1427 2729 1527 2788 111.
1948 2718 1952 2724 ’
2187 2763 2216 2809 9

312 2867 315 2869 ·
388 2861 577 2900 UTRUM
616 2862 750 2904 uuio
790 2866 945 2906 veiim
985 2867 1283 2908 INCARNATI
1324 2866 1506 2908 FACTA
1547 2869 1633 2909 srr
1673 2867 1730 2910 m
1769 2858 2093 2923 supposrrm

996 2949 1100 2988 vm.
1141 2949 1464 2990 HYPOSTASI.

410 3054 461 3113 (3.
480 3055 591 3100 Dist.
610 3056 651 3101 6.
671 3072 707 3115 q.
727 3073 761 3102 1.
784 3062 862 3103 art.
881 3073 914 3104 1.
933 3066 970 3104 et
989 3061 1097 3105 Dist.
1119 3075 1155 3120 7.
1174 3077 1211 3120 q.
1230 3079 1264 3107 1.
1283 3065 1365 3107 art.
1384 3078 1418 3108 1.
1438 3068 1476 3108 et
1491 3062 1602 3107 Dist.
1620 3074 1686 3109 ro.
1704 3077 1743 3123 q.
1759 3078 1796 3109 1.
1818 3068 1902 3109 art.
1918 3072 1959 3109 2.
1976 3073 2015 3124 q.
2027 3072 2067 3124 3.
2147 3066 2149 3068 ’

261 3126 297 3164 et
313 3120 382 3165 lib.
399 3135 440 3178 4.
463 3122 605 3166 Contr.
622 3138 659 3181 g.
681 3132 771 3183 cap.
787 3140 850 3183 34.
875 3127 937 3183 38.
966 3133 1000 3170 et
1018 3142 1081 3186 39.
1106 3134 1143 3172 et
1165 3128 1210 3173 de
1241 3130 1391 3173 Union.
1419 3130 1538 3175 Verb.
1558 3137 1636 3175 art.
1655 3144 1689 3175 r.
1708 3142 1748 3176 2.
1766 3133 1850 3190 εἳ3.
1868 3128 1925 3176 'ael
1938 3144 1981 3189 4.
1998 3136 2084 3190 εἰς.
2101 3124 2158 3186 αδ
2171 3144 2216 3192 9.

320 3194 355 3232 et
369 3189 519 3245 Quodl.
533 3203 574 3246 4.
587 3196 668 3234 art.
682 3192 721 3235 8.
735 3198 772 3236 et
783 3200 916 3250 opusc.
932 3209 964 3237 ι.
979 3201 1067 3253 cap.
1080 3209 1141 3239 21.
1155 3201 1190 3239 et
1202 3209 1269 3241 22.
1283 3203 1320 3241 et
1332 3203 1466 3256 opusc.
1479 3211 1519 3242 2.
1533 3205 1625 3257 cap.
1644 3210 1734 3257 217.
1747 3196 1840 3244 218.
1852 3207 1947 3258 219.
1958 3193 2145 3257 etnam).
2182 3195 2186 3199 ’

349 3299 423 3342 An
451 3312 663 3344 τεκτῙυΜ
692 3302 756 3345 sic
782 3302 1052 3359 proceditur.
1081 3303 1283 3361 Videtur,
1310 3307 1432 3365 quod
1459 3307 1568 3351 unio
1600 3306 1739 3351 Verbi
1774 3306 2000 3353 incarnati
2028 3318 2127 3352 non
2154 3306 2216 3353 sit

261 3364 377 3408 sacta
404 3366 448 3409 in
467 3367 715 3426 supposito,
733 3368 825 3411 sive
844 3369 890 3412 in
909 3369 1164 3428 hypostasi:
1184 3372 1292 3416 dicit
1309 3373 1430 3417 enim
1449 3374 1642 3432 August.
1662 3373 1707 3417 in
1725 3373 1957 3419 Enchirid.
1976 3374 2213 3435 (cap-359:

263 3448 285 3472 «
314 3432 476 3476 Divina
504 3434 763 3488 substantia,
791 3446 834 3479 et
860 3436 1059 3480 'numana
1082 3448 1269 3497 utraque
1289 3451 1353 3484 est
1373 3455 1489 3485 unus
1504 3441 1594 3485 Dei
1611 3440 1774 3486 Filius:
1793 3441 1873 3486 sed
1891 3440 2014 3487 aliud
2029 3451 2215 3502 propter

259 3499 461 3552 verbum,
488 3510 531 3543 ct
558 3500 676 3545 aliud
706 3512 885 3560 propter
911 3503 1146 3548 hominem
1175 3522 1214 3549 »:
1240 3506 1335 3550 Leo
1362 3507 1486 3565 Papa
1513 3508 1651 3552 etiam
1678 3507 1786 3553 dicit
1810 3508 1858 3551 in
1892 3507 2022 3567 epist.
2054 3521 2120 3554 10.
2153 3506 2215 3566 ad

261 3563 522 3609 Flavianum
551 3566 660 3626 (cap.
688 3570 780 3625 4.).·
816 3584 838 3610 «
877 3569 1031 3614 Unum
1066 3571 1229 3615 horum
1273 3584 1483 3619 coruscat
1514 3573 1760 3628 miraculis,
1794 3573 1915 3619 aliud
1951 3573 2212 3621 succumbit

2319 3651 2351 3709 i·
