2352 3926
315 239 422 307 564
804 250 1083 296 QUAESTIO
1125 250 1283 300 va1.
1312 217 1623 291 amenius
1662 252 1776 293 vm.

307 354 363 399 de
388 354 658 398 necessitate
681 352 837 397 salutis
864 362 1061 407 nostrae,
1088 353 1194 412 quia
1220 353 1400 398 etiamsi
1421 368 1516 398 uno
1538 354 1609 399 die
1630 354 1788 400 fuisset
1810 357 2026 416 sepultus,
2047 358 2122 405 vel
2152 373 2272 405 mor·

306 431 423 475 tuus,
451 421 702 464 suffecisset
730 420 785 462 ad
812 419 1137 478 perficiendam
1168 430 1373 465 nostram
1400 421 1788 481 redemptionem:
1822 425 1900 468 sed
1930 425 2132 472 tri-duum
2154 426 2268 477 fflud

306 488 538 532 ordinatur
573 487 627 529 ad
665 486 1050 530 manifestandum
1076 487 1316 532 veritatem
1350 488 1526 542 mortis,
1562 498 1612 533 ut
1647 503 1783 548 supra
1820 490 1992 536 dictum
2023 502 2092 538 est
2118 492 2267 556 (φξβ.

304 562 387 599 art.
413 568 454 611 4.
483 560 519 598 et
544 569 580 611 q.
604 568 659 612 53
684 561 765 598 art.
793 568 817 598 2
823 555 884 611 ..·)
914 564 957 597 et
983 554 1085 598 ideo
1113 564 1249 612 patet,
1277 555 1399 614 quod
1426 555 1544 599 trina
1568 555 1806 601 immersio
1832 571 1917 601 nec
1939 572 1994 603 ex
2014 569 2142 636 parte
2164 559 2267 607 Tri·

302 621 468 673 nitatis,
495 634 578 663 nec
608 634 660 663 ex
687 630 811 678 parte
838 621 1063 680 passionis
1090 621 1263 666 Christi
1290 632 1357 665 est
1383 622 1438 665 de
1465 622 1735 667 necessitate
1760 625 2048 670 sacramenti.

393 687 468 731 AD
502 700 764 731 SECUNDUM
791 687 1048 751 dicendum,
1092 688 1214 747 quod
1242 688 1453 747 Pelagius
1486 703 1602 748 papa
1636 689 1850 749 intelligit
1879 692 2047 744 trinam
2079 693 2267 740 immer-

303 755 481 799 sionem
510 769 610 798 esse
638 755 693 798 de
720 754 938 799 mandato
969 755 1137 800 Christi
1163 756 1210 799 in
1237 770 1319 800 suo
1348 756 1499 810 simili,
1525 757 1572 800 in
1594 757 1685 800 hoc
1712 757 1888 802 scilicet
1907 759 2030 818 quod
2053 752 2264 809 Christus

301 822 532 881 praecepit
556 821 773 879 baptizari
798 822 844 865 in
871 822 1059 866 nomine
1086 823 1246 877 Patris,
1275 833 1318 867 et
1343 823 1458 877 Filii,
1482 833 1531 885 et
1558 823 1750 883 Spiritus
1778 825 1959 870 Sancti:
1985 840 2080 872 non
2105 838 2261 874 tamen

304 900 371 934 est
398 888 557 933 similis
584 889 699 932 ratio
728 889 783 932 de
809 888 972 944 forma,
1000 900 1043 934 et
1070 890 1124 934 de
1151 905 1234 934 usu
1262 891 1494 944 materiae,
1521 901 1569 934 ut
1595 891 1766 936 dictum
1794 902 1862 937 est
1884 894 1952 950 (in
1981 894 2054 939 sol.
2082 897 2263 954 praec).

391 956 466 999 AD
491 968 707 1000 TERTmM
735 956 994 1011 dicendum,
1021 958 1157 1016 quod,
1181 958 1297 1001 sicut
1324 971 1458 1016 supra
1493 958 1665 1002 dictum
1699 969 1766 1003 est
1791 966 1850 1018 (q.
1878 961 1951 1018 64.
1977 966 2061 1006 art.
2086 963 2165 1020 8.),
2197 963 2262 1009 in-

298 1024 440 1068 tentio
468 1024 710 1082 requiritur
735 1024 790 1068 ad
817 1025 1118 1083 baptismum:
1145 1035 1188 1069 et
1210 1025 1314 1069 ideo
1342 1040 1395 1069 ex
1421 1026 1674 1070 intentione
1701 1028 1896 1072 ministri
1919 1027 2168 1081 Ecclesiae,
2185 1032 2263 1090 qui

297 1091 490 1135 intendit
514 1105 656 1134 unum
682 1091 959 1150 baptismum
993 1092 1099 1136 dare
1131 1093 1250 1136 traina
1281 1092 1593 1148 immersione,
1620 1092 1811 1138 efficitur
1837 1109 1980 1139 unum
2010 1095 2258 1156 baptisma:

299 1158 418 1202 unde
455 1158 643 1202 Hieron.
683 1158 790 1202 dicit
822 1173 958 1218 super
984 1159 1110 1218 epist.
1146 1160 1200 1202 ad
1227 1159 1391 1218 Ephes.
1428 1159 1568 1219 (super
1598 1161 1703 1204 illud
1734 1169 1824 1220 cap.
1850 1175 1922 1219 4..·
1966 1163 2080 1208 Unus
2110 1164 2261 1208 Do‘mz'-

297 1241 387 1279 nus,
415 1227 535 1283 etc.):
573 1225 748 1269 «Licet
772 1236 840 1269 ter
865 1226 1128 1284 baptizetur,
1157 1226 1272 1269 idest
1303 1226 1613 1285 immergatur,
1647 1238 1830 1287 propter
1861 1229 2129 1288 mysterium
2164 1229 2263 1276 Tri·
2312 1255 2314 1257 >

297 1293 464 1346 nitatis,
490 1303 644 1337 tamen
663 1307 805 1336 unum
822 1293 1048 1352 baptisma
1067 1302 1298 1351 reputatur
1307 1307 1347 1334 >›:
1367 1293 1404 1336 si
1420 1307 1529 1337 vero
1547 1294 1801 1339 intenderet
1818 1295 1872 1338 ad
1890 1310 2259 1357 unamquamque

295 1360 642 1404 immersionem
669 1375 811 1403 unum
837 1360 1062 1418 baptisma
1088 1360 1209 1413 dare,
1229 1361 1283 1403 ad
1311 1360 1513 1418 singulas
1539 1361 1860 1406 immersiones
1885 1372 2096 1422 repetens
2119 1363 2258 1410 verba

294 1426 486 1481 formae,
513 1437 738 1485 peccaret,
766 1437 986 1486 quantum
1012 1427 1059 1470 in
1085 1441 1132 1471 se
1159 1436 1239 1481 est,
1267 1426 1433 1485 pluries
1458 1427 1704 1485 baptizans.

992 1605 1426 1662 ARTICULUS
1463 1606 1564 1662 IX.
1932 1598 1933 1601 ¹
2177 1637 2259 1685 372

756 1743 949 1780 UTRUM
989 1742 1289 1780 BAPTISMUS
1330 1742 1519 1780 POSSIT
1560 1742 1794 1782 ITERARI.

546 1862 611 1919 (4.
638 1863 747 1906 Dist.
775 1861 816 1906 6.
844 1877 882 1920 q.
909 1875 948 1905 2.
975 1866 1056 1905 art.
1084 1876 1118 1905 Ι.
1146 1876 1184 1918 q.
1211 1876 1247 1905 ι.
1274 1866 1310 1904 et
1336 1860 1406 1904 lib.
1433 1874 1475 1917 4.
1504 1859 1649 1904 Contr.
1667 1874 1707 1918 g.
1725 1867 1817 1920 cap.
1837 1873 1906 1920 59.
1921 1861 2003 1920 fin.

678 1935 715 1973 et
736 1936 825 1988 cap.
854 1942 921 1987 70.
950 1935 989 1973 et
1014 1941 1074 1987 71.
1104 1934 1141 1972 et
1161 1928 1285 1984 Joan.
1312 1942 1344 1985 3.
1372 1934 1410 1972 et
1434 1927 1580 1985 Ephes.
1606 1941 1648 1984 4.
1677 1927 1763 1972 lect.
1791 1929 1868 1986 2.).

382 2041 458 2084 AD
490 2053 669 2084 NONUM
702 2039 766 2083 sic
800 2038 1072 2115 proceditur.
1099 2038 1304 2092 Videtur,
1338 2038 1458 2097 quod
1500 2037 1752 2097 baptismus
1792 2037 1937 2096 possit
1964 2037 2140 2083 iterari:
2181 2039 2255 2083 ba-

290 2107 480 2166 ptismus
508 2107 629 2150 enim
656 2106 832 2150 videtur
857 2106 1085 2150 institutus
1113 2105 1168 2148 ad
1197 2105 1479 2148 ablutionem
1505 2112 1826 2181 peccatorum:
1853 2103 1944 2157 sed
1959 2113 2149 2163 peccata
2173 2105 2255 2151 ite-

289 2185 467 2229 rantur;
496 2188 604 2232 ergo
631 2174 776 2218 multo
805 2174 951 2232 magis
987 2173 1236 2231 baptismus
1264 2173 1397 2216 debet
1422 2172 1589 2226 iterari,
1626 2171 1732 2231 quia
1747 2171 2062 2258 misericordia
2081 2171 2253 2218 Christi

286 2242 565 2286 transcendit
588 2241 788 2285 hominis
815 2241 1009 2299 culpam.

381 2323 420 2353 2.
448 2309 745 2354 PRAETEREA.
767 2309 966 2384 Joannes
994 2308 1195 2368 Baptista
1226 2307 1468 2366 praecipue
1494 2305 1578 2350 fuit
1610 2320 1633 2349 a
1662 2305 1848 2350 Christo
1882 2272 2246 2361 commendatus,

293 2392 399 2421 cum
431 2376 486 2420 de
520 2390 575 2420 eo
609 2377 780 2419 dictum
812 2376 869 2419 sit
899 2376 1059 2419 Matth.
1101 2389 1166 2421 11
1180 2375 1333 2419 :Inter
1367 2380 1485 2418 natos
1515 2374 1739 2417 mulierum
1769 2387 1854 2417 non
1891 2375 2079 2418 surrexit
2108 2376 2251 2434 major

282 2445 444 2502 Joanne
470 2444 680 2502 Baptista:
709 2443 786 2486 sed
809 2443 1022 2502 baptizati
1040 2457 1064 2485 a
1080 2443 1256 2500 Joanne
1275 2441 1439 2485 iterum
1461 2440 1816 2499 baptizabantur,
1838 2449 1887 2484 ut
1902 2439 2096 2486 habetur
2111 2440 2251 2486 Acto-

289 2525 391 2555 rum
423 2525 487 2571 19.
516 2511 591 2554 ubi
617 2510 791 2563 dicitur,
819 2511 940 2568 quod
964 2509 1131 2553 Paulus
1158 2509 1412 2568 baptizabat
1429 2522 1523 2562 eos,
1547 2508 1768 2567 quierant
1784 2507 1998 2566 baptizati
2021 2507 2248 2568 baptismo

282 2578 495 2636 Joannis;
523 2591 631 2636 ergo
660 2577 804 2620 multo
832 2577 990 2621 fortius
1018 2577 1084 2621 illi
1111 2577 1187 2636 qui
1213 2586 1318 2621 sunt
1342 2575 1555 2635 baptizati
1581 2575 1635 2619 ab
1663 2574 1919 2629 haereticiS,
1941 2574 2016 2619 vel
2039 2583 2249 2635 peccato·

287 2646 424 2699 ribus,
451 2655 554 2690 sunt
579 2645 898 2703 rebaptizandi.

381 2727 418 2772 3.
446 2713 742 2757 PRAETEREA.
773 2713 821 2754 In
848 2711 1053 2754 Nicaeno
1083 2711 1297 2755 Concilio
1325 2709 1456 2769 (quod
1478 2716 1534 2754 est
1558 2725 1593 2754 1.
1625 2710 1775 2754 Gener.
1804 2723 1895 2753 can.
1917 2707 2004 2769 ις’.)
2026 2718 2246 2755 statutum

289 2788 374 2825 est:
407 2795 430 2821 ‹<
458 2779 508 2824 Si
530 2780 628 2838 quis
656 2778 909 2836 confugerit
945 2779 998 2821 ad
1032 2778 1286 2822 Ecclesiam
1321 2777 1598 2821 catholicam
1632 2777 1686 2820 de
1712 2775 2017 2830 Paulianistis,
2042 2786 2088 2822 et
2113 2776 2246 2822 Cata-

286 2834 487 2908 phrygis,
513 2846 778 2905 rebaptizari
805 2860 883 2888 eos
911 2846 1101 2888 omnino
1130 2846 1291 2890 debere
1319 2860 1368 2888 »ε
1397 2844 1572 2888 videtur
1589 2843 1748 2887 eadem
1772 2844 1889 2888 ratio
1905 2843 1961 2889 de
1978 2843 2077 2889 aliis
2091 2844 2246 2891 haere-

284 2915 405 2959 ticis·
396 2928 538 2973 ,ergo
566 2913 774 2972 baptizati
802 2912 855 2955 ab
883 2912 1121 2955 haereticis
1149 2913 1311 2956 debent
1338 2911 1616 2970 rebaptizari.
2031 2932 2034 2935 ·

374 2995 415 3038 4.
449 2982 746 3026 PRAETEREA.
781 2979 1038 3037 Baptismus
1066 2990 1131 3023 est
1149 2980 1431 3024 necessarius
1460 2978 1514 3023 ad
1541 2978 1756 3023 salutem.
1784 2977 1863 3023 sed
1891 2978 1946 3024 de
1972 2978 2243 3039 quibusdam

283 3049 519 3108 baptizatis
546 3047 789 3106 aliquando
818 3046 1057 3099 dubitatur,
1085 3061 1142 3089 an
1169 3047 1255 3090 sint
1280 3046 1516 3105 baptizati3
1543 3058 1653 3104 ergo
1679 3045 1871 3100 videtur,
1901 3045 2024 3106 quod
2050 3045 2244 3092 debeant

281 3117 446 3161 iterum
472 3114 699 3174 baptizari.

378 3198 413 3243 5.
441 3184 736 3228 PRAETEREA.
764 3180 1045 3225 Eucharistia
1074 3190 1139 3223 est
1166 3180 1405 3239 perfectius
1433 3190 1787 3234 sacramentum,
1804 3193 1943 3240 quam
1974 3180 2240 3240 baptismus,

283 3262 331 3296 ut
362 3265 497 3311 supra
524 3250 695 3294 dictum
724 3258 791 3293 est
819 3247 874 3307 (q.
898 3254 1148 3306 praec.·art.
1179 3248 1266 3306 3.):
1295 3248 1372 3291 sed
1406 3257 1745 3292 sacramentum
1777 3246 2091 3293 Eucharistiae
2113 3247 2241 3294 itera·

280 3331 375 3373 tur;
403 3332 515 3378 ergo
542 3317 731 3370 videtur,
758 3315 879 3375 quod
907 3314 1051 3357 multo
1081 3315 1225 3371 magis
1251 3314 1500 3373 baptismus
1527 3314 1669 3374 possit
1692 3314 1861 3359 iterari.

372 3387 465 3430 SED
499 3397 694 3430 CONTRA
722 3393 802 3437 est,
829 3381 949 3441 quod
977 3380 1139 3424 dicitur
1172 3381 1334 3439 Ephes.
1362 3394 1402 3436 4.
1425 3396 1435 3424 :
1471 3383 1565 3426 Una
1592 3381 1705 3439 fides,
1735 3396 1865 3426 unum
1890 3382 2110 3442 baptisma.

370 3453 658 3497 RespoNnsso
677 3450 934 3504 dicendum,
961 3448 1082 3507 quod
1109 3448 1356 3506 baptismus
1384 3449 1534 3492 iterari
1559 3463 1652 3493 non
1679 3458 1851 3508 potest:
1868 3451 2017 3509 primo
2038 3449 2237 3509 quidem,

281 3521 385 3581 quia
417 3519 668 3579 baptismus
702 3528 769 3562 est
801 3516 1024 3577 quaedam
1066 3514 1307 3574 spiritualis
1343 3516 1654 3574 regenerati03
1691 3525 1825 3576 prout
1863 3514 2039 3561 scilicet
2075 3514 2237 3577 aliquis

279 3589 471 3633 moritur
503 3587 645 3631 veteri
675 3586 809 3640 vitae,
843 3594 888 3629 et
919 3582 1077 3643 incipit
1117 3596 1286 3627 novam
1319 3582 1460 3626 vitam
1488 3597 1647 3641 agere3
1675 3584 1795 3628 unde
1827 3582 1989 3628 dicitur
2011 3582 2150 3642 §dam
2169 3592 2234 3642 32:

279 3656 373 3701 Nisi
404 3656 493 3714 quis
524 3659 688 3699 renatus
711 3653 850 3712 suerit
888 3666 937 3697 ex
975 3664 1101 3710 aqua,
1135 3655 1170 3694 et
1202 3649 1361 3709 Spiritu
1392 3650 1559 3705 Sancto,
1599 3664 1680 3694 non
1715 3656 1850 3709 potest
1887 3650 2064 3696 intrm‘m
2099 3650 2235 3697 ἰωὴ·
2275 3677 2282 3684 ·
