2352 3926
0 238 21 291 ξ
603 226 877 274 QUAESTIO
916 225 1086 267 xxxn.
1126 226 1434 267 ARTICULUS
1472 226 1547 266 lv·
1935 208 2036 265 281

83 338 178 376 non
203 330 388 391 quidem
414 329 575 385 active,
606 329 685 376 sed
710 329 905 388 passive,
931 329 1049 374 sicut
1074 328 1189 374 aliae
1221 339 1390 375 matres
1416 328 1507 374 hoc
1535 336 1874 388 consequuntur
1900 341 1956 372 ex
1981 341 2050 372 se·

84 411 209 442 mine
233 412 332 442 vm.

173 465 250 510 AD
282 477 543 510 SECUNDUM
576 463 834 517 dicendum,
868 462 990 523 quod
1022 463 1225 522 potentia
1260 464 1520 522 generativa
1553 463 1598 507 in
1631 461 1834 508 foemina
1867 472 1935 506 est
1965 461 2047 506 im-

84 530 281 593 perfecta
308 541 514 591 respectu
546 531 774 591 potentiae
802 531 1107 590 generativae,
1134 545 1250 588 quae
1288 541 1355 574 est
1385 531 1431 574 in
1460 545 1608 576 mare:
1631 540 1676 575 et
1707 530 1812 574 ideo
1848 529 1966 574 sicut
2000 530 2046 573 in

85 598 253 644 artibus
278 613 350 643 ars
375 597 562 643 inferior
588 598 786 657 disponit
812 597 1066 651 materiam,
1100 611 1172 640 ars
1200 606 1352 640 autern
1388 598 1593 655 superior
1625 597 1800 642 inducit
1833 595 2046 651 formam,

84 676 134 711 ut
164 666 327 710 dicitur
352 665 399 709 in
425 678 466 710 2.
499 665 680 724 Physic.
710 663 825 721 (text.
845 666 945 724 25.),
972 665 1034 708 ita
1062 665 1200 708 etiarn
1222 664 1363 708 virtus
1382 665 1643 722 generativa
1667 663 1898 709 foeminae
1924 677 2049 722 prae-

82 742 213 792 parat
237 733 502 787 materiam3
526 732 668 776 virtus
696 741 849 776 autem
877 732 1023 775 activa
1051 731 1189 775 maris
1215 730 1386 775 format
1411 732 1648 775 materiam
1678 740 2008 791 praeparatam.

173 800 251 845 AD
267 812 484 845 TERTIUM
510 799 771 854 dicendum,
789 799 912 858 quod
939 799 993 842 ad
1020 799 1110 842 hoc
1135 799 1256 858 quod
1283 799 1602 842 transmutatio
1621 799 1678 842 sit
1694 798 2045 852 naturalis,.non

0 894 2 896 v
84 867 326 926 requiritur
350 867 471 926 quod
498 867 546 910 in
582 866 771 911 materia
798 866 855 910 sit
886 866 1159 925 principium
1197 865 1412 919 activum,
1439 865 1518 909 sed
1553 865 1704 909 solum
1731 866 1977 924 passivum,
1998 875 2047 909 ut

85 933 258 979 dictum
285 943 353 979 est
379 933 445 990 (in
470 940 586 994 corp.
613 932 732 991 art).

661 1317 1109 1395 QUAESTIO
1145 1316 1443 1377 XXXIII.

352 1475 432 1515 DE
462 1475 654 1526 MODO,
692 1476 768 1516 ET
800 1475 1029 1516 ORDINE
1062 1474 1494 1515 CONCEPTIONIS
1520 1473 1775 1524 CHRISTI,
1832 1443 1834 1445 >

558 1564 624 1604 IN
647 1564 944 1616 'QUATUOR
982 1564 1312 1605 ARTICULOS
1346 1564 1566 1605 DIVISA.

148 1742 325 1787 Deinde
347 1742 728 1787 considerandum
753 1752 820 1787 est
846 1742 900 1786 de
927 1741 1085 1796 modo,
1113 1751 1158 1786 et
1183 1741 1341 1787 ordine
1366 1741 1679 1800 conceptionis
1709 1740 1892 1785 Christi.

672 1854 728 1898 Et
748 1855 862 1898 circa
885 1854 959 1898 hoc
991 1860 1250 1912 quaeruntur
1276 1858 1468 1911 quatuor.

0 1977 12 2006 n.
176 1943 348 1989 Primo.
376 1943 543 1988 Utrum
576 1957 741 2002 corpus
776 1943 947 1988 Christi
977 1943 1024 1986 in
1057 1945 1206 2002 primo
1238 1941 1423 1986 instanti
1456 1941 1770 2001 conceptionis
1801 1940 1935 1985 fuerit
1965 1940 2051 1985 for-

0 2028 7 2045 ·²
89 2018 280 2055 matum.

0 2094 22 2123 I·
180 2077 408 2123 Secundo.
435 2077 602 2122 Utrum
627 2077 675 2121 in
700 2078 849 2137 primo
873 2077 1057 2122 instanti
1083 2077 1398 2136 conceptionis
1423 2075 1558 2120 fuerit
1583 2077 1851 2120 animatum.

179 2142 355 2190 Tertio.
373 2145 539 2189 Utrum
565 2145 611 2188 in
636 2145 785 2204 primo
811 2145 997 2188 instanti
1028 2144 1343 2202 conceptionis
1368 2143 1502 2187 fuerit
1519 2159 1544 2188 a
1570 2144 1723 2187 Verbo
1752 2152 2053 2202 assumptum.

0 2209 20 2285 ’ξ
182 2211 379 2265 Quarto.
410 2212 577 2257 Utrum
606 2212 846 2272 conceptio
872 2211 951 2255 illa
977 2210 1112 2256 fuerit
1135 2210 1370 2265 naturalis,
1403 2210 1478 2255 vel
1503 2210 1795 2255 miraculosa.

811 2374 1245 2433 ARTICULUS
1283 2375 1325 2430 Ι.
1972 2387 2055 2432 180

436 2512 628 2552 UTRUM
662 2513 873 2552 CORPUS
909 2513 1131 2552 CHRISTI
1165 2513 1364 2551 FUERIT
1397 2511 1709 2551 FORMATUM

561 2594 617 2633 IN
650 2594 819 2633 PRIMO
853 2595 1113 2634 INSTANTI
1148 2595 1578 2634 CONCEPTIONIS.

465 2702 517 2764 (3.
535 2705 645 2749 Dist.
668 2675 705 2764 3.
728 2720 766 2764 q.
779 2719 817 2763 5.
841 2711 922 2750 art.
949 2719 990 2750 2.
1013 2711 1049 2750 et
1071 2706 1142 2750 lib.
1164 2719 1207 2763 4.
1231 2704 1377 2749 Contr.
1399 2720 1438 2764 g.
1462 2713 1552 2765 cap.
1575 2718 1646 2763 44.
1646 2705 1686 2763 ).

20 2863 21 2866 ,
181 2813 260 2859 AD
280 2825 467 2860 PRIMUM
493 2814 558 2859 sic
584 2815 857 2873 proceditur.
884 2815 1092 2870 Videtur,
1125 2818 1247 2875 quod
1280 2830 1446 2876 corpus
1473 2816 1647 2862 Christi
1678 2831 1773 2861 non
1804 2815 1939 2862 fuerit
1969 2815 2057 2860 for-

10 2880 34 2935 ζ
93 2890 271 2927 matum
300 2881 347 2925 in
372 2881 522 2940 primo
554 2882 737 2927 instanti
770 2897 878 2927 suae
912 2883 1253 2942 conceptionis:
1281 2884 1446 2928 dicitur
1478 2884 1602 2928 enim
1629 2884 1772 2942 Joan.-
1787 2897 1827 2928 2.
1857 2883 2052 2941 Quadra·

14 2962 41 2998 »τᾳ
91 2949 223 3008 ginta,
249 2954 288 2994 et
311 2963 379 2993 sex
403 2950 524 2993 annis
550 2949 814 3008 aedificatum
846 2956 900 2994 est
933 2951 1128 3010 templum
1161 2952 1235 2995 hoc
1249 2965 1266 3007 ;
1303 2952 1426 3010 quod
1453 2965 1684 3010 exponens
1710 2952 1903 3010 August.
1930 2963 1971 3006 4.
2000 2950 2055 2994 de

97 3012 258 3060 Trinit.
287 3014 397 3074 (cap.
428 3015 490 3075 5.)
517 3015 643 3060 dicit:
681 3033 704 3058 «
733 3016 820 3060 Hic
853 3031 1070 3062 numerus
1103 3017 1372 3077 perfectioni
1398 3018 1636 3062 Dominici
1667 3019 1871 3077 corporis
1904 3026 2055 3076 aperte

20 3082 43 3146 ss-
96 3082 375 3141 congruit»;
411 3092 456 3126 et
490 3083 536 3126 in
571 3083 647 3127 lib.
674 3083 745 3141 83.
775 3083 888 3136 QQ.
914 3086 972 3143 (q.
999 3085 1068 3143 56.
1100 3087 1146 3128 in
1165 3087 1267 3144 fin.)
1297 3085 1430 3129 dicit:
1461 3102 1485 3127 «
1511 3085 1618 3130 Non
1651 3086 1841 3129 absurde
1869 3084 2058 3143 quadra-

97 3148 222 3208 ginta
255 3163 334 3194 sex
365 3149 495 3194 annis
527 3150 690 3194 dicitur
720 3149 990 3196 fabricatum
1027 3166 1125 3196 esse
1157 3152 1395 3211 templum,
1422 3153 1545 3211 quod
1573 3167 1737 3211 corpus
1771 3153 1865 3209 ejus
1897 3151 2058 3210 figura-

95 3214 186 3270 bat,
212 3225 262 3260 ut
291 3225 404 3275 quot
424 3216 531 3260 anni
555 3215 737 3261 fuerunt
767 3217 815 3262 in
839 3216 1136 3263 fabricatione
1162 3219 1334 3278 templi,
1360 3229 1430 3263 tot
1470 3220 1564 3264 dies
1586 3219 1752 3263 fuerint
1777 3219 1823 3261 in
1851 3218 2056 3277 corporis

27 3295 37 3343 ²3,
96 3281 316 3327 dominici
337 3282 614 3342 perfectione
631 3299 683 3338 »3
708 3297 803 3328 non
820 3298 931 3344 ergo
958 3285 1004 3329 in
1026 3286 1174 3345 primo
1191 3286 1376 3330 instanti
1397 3285 1711 3344 conceptionis
1729 3298 1895 3342 corpus
1929 3285 2058 3329 Chri-

31 3351 44 3403 ³]
98 3349 154 3392 sti
186 3347 269 3394 fuit
291 3349 488 3408 perfecte
520 3349 782 3395 formatum.

34 3412 78 3477 {⁹
188 3426 229 3459 2.
255 3414 552 3462 PRAETEREA.
579 3417 652 3462 Ad
678 3416 1004 3463 formationem
1039 3420 1241 3479 corporis
1269 3419 1442 3464 Christi
1472 3419 1783 3478 requirebatur
1815 3427 1967 3463 motus
1993 3417 2057 3463 lo·

100 3479 226 3535 calis,
258 3495 350 3540 quo
381 3483 609 3542 purissimi
639 3485 884 3543 sanguines
920 3486 975 3530 de
1009 3499 1202 3544 corpore
1237 3486 1439 3544 Virginis
1482 3486 1536 3528 ad
1578 3485 1733 3529 locum
1775 3485 2057 3543 generationi

27 3552 56 3587 Γ»
100 3560 357 3606 congruum
387 3550 695 3607 pervenirent:
718 3550 897 3595 nullum
930 3561 1085 3596 autem
1112 3566 1278 3610 corpus
1304 3561 1454 3611 potest
1480 3551 1658 3595 moveri
1688 3551 1896 3596 localiter
1921 3552 1968 3596 in
1993 3553 2056 3596 in-

101 3613 259 3670 stanti3
289 3628 346 3660 eo
381 3615 504 3675 quod
532 3626 715 3676 tempus
747 3628 900 3662 motus
936 3618 1149 3663 dividitur
1183 3618 1436 3663 secundum
1474 3618 1745 3663 divisionem
1784 3618 1983 3675 mobilis,
2009 3630 2058 3665 ut
