2352 3926
621 218 900 287 huaas'rto
940 238 1170 281 Lxxxtx.
1211 238 1517 280 tumemus
1557 238 1613 278 11.
1973 223 2073 293 823

136 341 306 396 casuri3
332 341 410 386 sed
435 341 505 386 his
535 351 726 398 tantum,
757 343 835 402 qui
869 343 1118 388 secundum
1142 342 1426 403 propositum
1463 341 1615 387 vocati
1649 349 1754 387 sunt
1783 341 1941 395 sancti,
1966 339 2083 384 idest

134 407 488 468 praedestinatis,
514 410 590 468 qui
615 411 990 469 quotiescumque
1028 410 1208 464 cadunt,
1243 408 1436 454 finaliter
1469 418 1623 453 tamen
1659 416 1911 466 resurgunt.
1946 405 2082 451 Cedit

137 486 247 533 ergo
274 474 338 519 eis
363 475 407 519 in
433 475 604 520 bonum
630 476 722 521 hoc
747 477 870 536 quod
897 476 1088 531 cadunt3
1114 491 1208 521 non
1240 477 1344 536 quia
1376 489 1554 534 semper
1579 475 1625 519 in
1651 474 1818 534 majori.
1846 473 1990 532 gratia
2016 486 2081 516 re-

135 552 342 600 surgant3
374 542 453 588 sed
479 543 584 602 quia
619 554 858 602 resurgunt
883 544 930 588 in
957 546 1311 603 permanentiori
1343 544 1508 602 gratia:
1537 556 1630 586 non
1657 541 1840 600 quidem
1866 555 1921 584 ex
1952 550 2078 599 parte

135 606 274 666 ipsius
301 610 497 668 gratiae;
525 610 629 669 quia
660 620 830 670 quanto
857 611 1000 669 gratia
1032 621 1099 655 est
1124 613 1285 669 major,
1317 620 1444 655 tanto
1471 610 1526 654 de
1552 623 1599 653 se
1627 618 1693 654 est
1718 607 2079 668 permanentior:

135 675 213 720 sed
245 689 299 720 ex
334 686 457 735 parte
490 676 705 732 hominis,
745 678 821 737 qui
855 687 982 723 tanto
1018 677 1220 722 stabilius
1259 678 1304 721 in
1342 677 1484 736 gratia
1519 684 1768 735 permanet,
1809 683 1978 734 quanto
2016 683 2084 719 est

136 742 325 797 cautior,
342 753 385 788 et
403 742 633 789 humilior.
659 744 791 789 Unde
818 755 861 789 et
880 744 1030 789 Gloss.
1052 745 1220 789 ibidem
1245 744 1408 797 subdit,
1434 743 1555 802 quod
1580 742 1724 787 «ideo
1741 741 1920 802 proficit
1944 742 2009 786 eis
2033 740 2080 785 in

137 807 324 863 bonum,
349 810 471 869 quod
494 810 673 866 cadunt,
699 811 805 870 quia
829 810 1094 855 humiliores
1116 810 1317 864 redeunt,
1344 819 1478 868 atque
1504 809 1783 854 doctiores».

223 875 299 921 An
316 889 576 923 SECUNDUM
593 877 851 931 dicendum,
868 878 990 936 quod
1016 876 1308 936 poenitentia,
1335 886 1554 935 quantum
1577 886 1645 920 est
1669 875 1724 920 de
1751 889 1815 929 se,
1839 874 1978 920 habet
1996 873 2083 918 vir-

49 940 56 948 ’
134 950 277 986 tutem
302 944 540 1003 reparandi
566 958 726 989 omnes
753 943 951 988 defectus
980 943 1035 987 ad
1063 942 1327 1002 perfectum,
1355 953 1399 987 et
1429 945 1566 987 etiam
1588 941 1890 1001 promovendi
1910 941 1956 985 in
1974 940 2085 986 ulte-

134 1009 303 1055 riorem
328 1020 495 1055 statum
514 1025 523 1054 :
547 1011 626 1055 sed
648 1011 737 1055 hoc
760 1010 1031 1069 quandoque
1051 1010 1293 1068 impeditur
1312 1023 1365 1053 ex
1383 1020 1507 1068 parte
1524 1008 1740 1063 hominis,
1757 1009 1834 1068 qui
1853 1008 2083 1053 remissius

135 1086 345 1120 movetur
367 1077 415 1120 in
441 1077 609 1131 Deum,
637 1087 681 1121 et
706 1077 751 1120 in
778 1078 1126 1122 detestationem
1153 1076 1353 1135 peccati3
1381 1076 1496 1120 sicut
1523 1077 1660 1120 etiam
1685 1075 1731 1119 in
1754 1075 1981 1134 baptismo
2006 1073 2084 1118 ali-

134 1141 212 1200 qui
238 1142 379 1187 adulti
410 1154 749 1202 consequuntur
783 1145 1023 1203 majorem,
1056 1142 1130 1188 vel
1166 1143 1394 1187 minorem
1435 1142 1642 1201 gratiam,
1677 1142 1927 1187 secundum
1959 1141 2081 1201 quod

133 1207 437 1255 diversimode
463 1224 510 1255 se
537 1211 794 1270 disponunt.

219 1271 306 1321 An'
320 1288 535 1322 TERTIUM
568 1278 825 1333 dicendum,
853 1278 974 1337 quod
1002 1277 1268 1323 assimilatio
1294 1276 1374 1322 illa
1398 1276 1628 1335 utriusque
1651 1277 1822 1335 gratiae
1847 1277 1904 1321 ad
1929 1275 2082 1321 lucem

131 1343 452 1402 vespertinam,
479 1354 524 1389 et
548 1345 819 1390 matutinam
844 1345 894 1390 fit
918 1355 1102 1405 propter
1127 1344 1471 1390 similitudinem
1489 1344 1673 1398 ordinis,
1690 1344 1795 1403 quia
1812 1353 1915 1402 post
1930 1343 2082 1388 lucem

130 1410 433 1470 vespertinam
458 1421 706 1470 sequuntur
731 1412 943 1457 tenebrae
968 1413 1129 1466 noctis,
1156 1422 1259 1470 post
1282 1410 1434 1455 lucem
1462 1420 1614 1455 autem
1635 1411 1905 1454 matutinam
1937 1409 2082 1469 sequi-

130 1486 203 1520 tur
227 1476 303 1521 lux
328 1477 439 1522 diei:
466 1493 560 1522 non
587 1489 739 1523 autern
766 1490 949 1538 propter
973 1478 1315 1523 similitudinem
1349 1479 1548 1537 maioris,
1580 1477 1654 1522 vel
1685 1477 1874 1522 minoris
1906 1477 2083 1536 quanti-

131 1543 248 1588 tatis.
272 1543 390 1589 Illud
413 1546 551 1589 etiam
567 1546 756 1590 verbum
774 1545 988 1605 Apostoli
1012 1545 1278 1604 intelligitur
1303 1545 1359 1589 de
1387 1545 1529 1604 gratia
1556 1544 1741 1598 Christi,
1763 1558 1879 1604 quae
1901 1554 2083 1603 superat

135 1624 323 1655 omnem
356 1611 678 1656 abundantiam
711 1613 1018 1657 humanorum
1060 1622 1368 1671 peccatorum.
1403 1611 1508 1656 Non
1550 1621 1702 1656 autem
1741 1621 1808 1656 est
1842 1625 2001 1655 verum
2033 1610 2081 1655 in

135 1677 360 1733 omnibus,
386 1679 508 1739 quod
533 1690 703 1739 quanto
741 1680 1040 1724 abundantius
1075 1689 1279 1739 peccant,
1319 1688 1445 1724 tanto
1487 1678 1860 1723 abundantiorem
1887 1678 2082 1737 gratiam

136 1756 486 1805 consequantur,
512 1758 699 1806 pensata
721 1748 967 1807 quantitate
988 1746 1228 1791 habitualis
1247 1746 1438 1805 gratiae:
1459 1755 1527 1790 est
1540 1755 1694 1790 tamen
1711 1745 2081 1805 superabundans

133 1811 292 1870 gratia,
317 1822 536 1872 quantum
565 1815 619 1858 ad
645 1814 791 1873 ipsam
828 1814 997 1873 gratiae
1034 1815 1281 1868 rationem3
1315 1814 1420 1872 quia
1459 1815 1605 1871 magis
1643 1814 1780 1872 gratis
1810 1812 2081 1857 beneficium

133 1879 414 1925 remissionis
441 1880 587 1940 magis
613 1882 842 1941 peccatori
868 1879 1111 1935 confertur,
1148 1880 1354 1939 quamvis
1381 1879 1653 1938 quandoque
1680 1880 1957 1924 abundanter
1981 1893 2084 1938 pec-

134 1956 288 1992 cantes
314 1947 612 1992 abundantius
639 1948 839 2002 doleant,
865 1957 909 1992 et
939 1948 1003 1992 sic
1038 1947 1412 1992 abundantiorem
1438 1946 1642 1990 habitum
1669 1946 1853 2006 gratiae,
1879 1955 1924 1991 et
1946 1946 2082 1990 virtu-

129 2022 227 2059 tum
248 2025 600 2074 consequuntur,
635 2015 751 2060 sicut
774 2025 896 2074 patet
916 2015 961 2059 in
986 2014 1273 2072 Magdalena.
1803 2036 1806 2041 v

139 2118 146 2122 ,
218 2080 295 2125 Ad
317 2081 363 2126 id
384 2096 493 2126 vero
516 2082 639 2141 quod
656 2095 706 2127 m
734 2095 1052 2127 CONTRARIUM
1074 2081 1284 2140 objicitur
1305 2079 1563 2135 dicendum,
1589 2080 1711 2140 quod
1736 2094 1828 2125 una
1853 2088 1897 2124 et
1917 2079 2079 2124 eadem

131 2147 276 2206 gratia
301 2149 449 2206 major
473 2158 543 2193 est
567 2148 823 2207 proficiens,
849 2163 986 2208 quam
1013 2148 1254 2207 incipiens:
1281 2147 1360 2192 sed
1385 2147 1432 2191 in
1458 2147 1645 2192 diversis
1670 2148 1761 2191 hoc
1793 2161 1887 2191 non
1918 2156 1987 2191 est
2005 2160 2087 2191 ne-

132 2228 280 2260 cesse:
313 2229 428 2260 unus
460 2216 581 2260 enim
612 2216 770 2274 incipit
796 2230 822 2259 a
847 2215 1011 2274 majori
1043 2215 1200 2274 gratia,
1227 2229 1364 2274 quam
1391 2214 1504 2259 alius
1528 2214 1691 2259 habeat
1722 2215 1769 2258 in
1794 2223 1911 2259 statu
1937 2213 2086 2272 profe-

129 2292 243 2336 εἴας,
279 2281 396 2327 sicut
428 2282 568 2342 Greg.
602 2283 710 2327 dicit
732 2283 779 2327 in
806 2296 847 2328 2.
872 2283 1055 2342 Dialog.
1082 2284 1193 2342 (cap.
1219 2298 1254 2328 1.
1282 2288 1376 2327 ante
1399 2282 1502 2327 med.
1502 2282 1555 2340 ).·
1585 2281 1865 2334 «Quatenus
1893 2291 1937 2326 et
1957 2295 2084 2340 prae-

130 2358 293 2403 sentes,
309 2358 353 2393 et
372 2350 569 2394 secuturi
591 2363 753 2394 omnes
764 2359 1077 2409 agnoscerent,
1101 2349 1369 2394 Benedictus
1381 2363 1492 2408 puer
1509 2348 1864 2394 conversationis
1888 2349 2078 2407 gratiam

132 2429 158 2460 a
182 2425 351 2475 quanta
376 2415 654 2476 perfectione
681 2417 908 2476 coepisset
924 2433 965 2461 ».

820 2579 1253 2637 ARTICULUS
1290 2579 1390 2635 III.
1996 2607 2076 2651 542

402 2714 594 2754 UTRUM
632 2716 731 2755 PER
768 2716 1186 2756 POENITENTIAM
1224 2716 1608 2756 RESTITUATUR
1648 2715 1806 2754 HOMO

706 2799 763 2838 IN
801 2799 1094 2839 PRISTINAM
1132 2799 1499 2838 DIGNITATEM.

222 2907 276 2966 (3.
304 2907 414 2952 Dist.
438 2921 496 2966 31.
523 2921 561 2966 q.
587 2922 623 2952 1.
651 2913 730 2952 art.
753 2921 795 2965 4.
823 2923 860 2968 q.
889 2922 927 2968 7.
953 2909 1008 2952 ad
1032 2925 1066 2954 Ι.
1090 2915 1126 2953 et
1149 2923 1191 2966 4.
1217 2911 1328 2954 Dist.
1355 2922 1421 2966 14.
1449 2922 1485 2966 q.
1513 2923 1547 2952 1.
1575 2912 1656 2951 art.
1679 2920 1715 2965 5.
1743 2921 1781 2965 q.
1808 2921 1842 2951 1.
1869 2905 1923 2950 ad
1948 2921 1986 2951 2.

310 2979 350 3018 et
369 2974 480 3018 Dist.
506 2989 572 3033 19.
598 2989 636 3033 q.
664 2990 698 3019 ι.
726 2981 807 3019 art.
829 2990 865 3034 3.
892 2990 930 3034 q.
958 2990 996 3020 2.
1023 2975 1076 3020 ad
1100 2990 1140 3021 2.
1167 2982 1206 3021 et
1231 2977 1342 3020 Dist.
1365 2989 1428 3034 37.
1452 2990 1489 3033 q.
1509 2988 1547 3018 2.
1571 2979 1651 3018 art.
1677 2987 1716 3018 2.
1744 2972 1797 3017 ad
1821 2973 1900 3030 4.).

222 3082 299 3128 An
326 3095 542 3129 TERTmM
566 3083 631 3128 sic
658 3084 928 3143 proceditur.
946 3084 1150 3139 Videtur,
1176 3086 1296 3144 quod
1315 3099 1393 3144 per
1418 3082 1744 3142 poenitentiam
1766 3096 1858 3126 non
1881 3083 2082 3127 restitua-

133 3159 205 3194 tur
227 3150 373 3194 homo
405 3150 451 3194 in
483 3150 717 3208 pristinam
751 3151 1033 3209 dignitatem,
1073 3153 1177 3212 quia
1210 3166 1343 3210 super
1373 3150 1483 3194 illud
1517 3150 1664 3194 Amos
1695 3162 1752 3206 5.:
1802 3150 1925 3207 Virgo
1950 3149 2081 3194 Israel

135 3215 290 3271 cecidit,
314 3217 423 3261 dicit
449 3217 601 3262 Gloss.
630 3217 782 3274 (ordin.
814 3218 1041 3277 Hieron.).·
1071 3219 1218 3263 «Non
1251 3227 1388 3276 negat
1424 3230 1557 3276 posse
1593 3229 1841 3274 resurgere,
1877 3216 1955 3259 sed
1987 3230 2081 3260 non

134 3293 337 3343 resurget
360 3284 490 3343 virgo
516 3283 678 3339 Israe13
703 3284 810 3344 quia
834 3285 978 3330 semel
1004 3286 1215 3330 aberrans
1243 3285 1356 3338 ovis,
1382 3284 1466 3328 etsi
1493 3292 1742 3341 reportetur
1768 3282 1968 3327 humeris
2009 3296 2083 3341 pa-

134 3350 284 3406 storis,
308 3364 403 3395 non
428 3351 567 3396 habet
590 3361 765 3395 tantam
791 3350 1001 3410 gloriam,
1032 3363 1249 3411 quantam
1282 3365 1397 3410 quae
1429 3364 1662 3409 nunquam
1705 3349 1936 3404 erravit»;
1969 3363 2080 3408 ergo

134 3431 214 3477 per
236 3419 564 3476 poenitentiam
589 3432 682 3462 non
704 3428 939 3477 recuperat
970 3419 1114 3464 homo
1141 3418 1375 3478 pristinam
1403 3417 1682 3476 dignitatem.

224 3498 266 3531 2.
286 3485 582 3530 PRAETEREA.
605 3485 793 3529 Hieron.
820 3485 928 3529 dicit
953 3485 1069 3544 (hab.
1096 3494 1188 3545 cap.
1208 3501 1273 3544 30.
1300 3486 1411 3529 Dist.
1433 3485 1546 3543 5‹›.):
1578 3500 1602 3525 α
1622 3482 1915 3541 Quicumque
1941 3482 2083 3541 digni-

133 3559 274 3596 tatem
299 3551 437 3595 divini
464 3552 629 3611 gradus
653 3565 748 3596 non
775 3552 1047 3607 custodiunt,
1080 3552 1282 3597 contenti
1314 3551 1423 3595 fiant
1455 3551 1655 3595 animam
1688 3549 1892 3595 salvare:
1919 3550 2082 3594 reverti

136 3616 259 3663 enim
283 3618 330 3663 in
357 3618 596 3678 pristinum
622 3618 814 3678 gradum
841 3616 1026 3664 difficile
1051 3629 1119 3664 est
1138 3636 1181 3674 n,
1206 3629 1251 3663 et
1286 3619 1443 3664 Innoc.
1470 3618 1502 3662 I.
1530 3631 1647 3677 papa
1673 3618 1810 3677 (epist.
1833 3617 1875 3661 6.
1903 3617 1956 3660 ad
1974 3617 2083 3674 Aga-
