2352 3926
322 211 430 266 374
822 208 1104 253 QUAESTIO
1144 199 1639 248 xmv.AR‘r1ct5Lus
1677 209 1751 249 Ν.

318 324 363 358 et
388 323 437 357 ut
462 312 664 357 fierent
653 327 700 355 m
734 315 835 355 ae‘re
861 311 1076 366 tonitrua,
1109 312 1227 356 sicut
1250 311 1424 356 factum
1460 322 1529 358 est
1563 312 1613 356 in
1643 321 1803 366 monte
1830 311 1972 368 Sinai,
1997 311 2183 383 quando
2211 310 2286 358 lex

321 381 525 433 dabatur,
553 389 597 423 et
622 379 739 423 sicut
764 378 920 422 Helias
946 377 1053 423 fecit
1083 393 1120 438 3.
1153 379 1267 438 Reg.
1298 379 1364 423 18.

408 460 451 501 4.
478 447 776 490 PRAETEREA.
799 446 954 503 Opera
981 445 1258 490 miraculosa
1285 446 1511 504 pertinent
1537 446 1593 490 ad
1620 460 1735 505 opus
1762 446 2102 505 gubernationis
2126 444 2287 499 mnndi

318 528 398 573 per
425 514 627 557 divinam
653 513 1009 571 providentiam.
1029 513 1118 557 hoc
1144 523 1295 557 autem
1321 527 1435 572 opus
1458 513 1784 590 praesupponit
1809 514 2115 569 creationem.
2133 506 2290 558 incon·

317 582 505 625 veniens
549 594 660 636 ergo
702 580 894 634 videtur,
933 580 1088 661 quod
1095 579 1304 625 Christus
1332 581 1379 624 in
1405 580 1497 624 suis
1525 578 1758 623 miraculis
1794 593 1902 624 usus
1942 589 2011 624 est
2041 579 2288 634 creatione,

320 648 502 707 quando
535 647 709 691 scilicet
741 634 1088 707 multiplicavit
1091 662 1254 707 panes;
1291 662 1385 692 non
1419 661 1530 706 ergo
1564 646 1883 691 convenientia
1913 647 2121 691 videntur
2150 644 2288 691 fuisse

320 717 414 773 ejus
443 713 667 757 miracula
695 715 814 758 circa
832 714 1118 759 irrationales
1146 725 1388 759 creaturas

413 782 506 825 SED
535 794 732 826 CONTRA
765 791 846 836 est,
874 782 996 841 quod
1024 782 1234 826 Christus
1262 793 1328 827 est
1354 782 1443 826 Dei
1464 781 1700 841 sapientia,
1723 781 1779 826 de
1805 795 1895 841 qua
1910 780 2074 826 dicitur
2099 779 2204 841 Sap.
2232 780 2289 835 8.,

322 849 445 908 quod
472 848 651 907 disponit
673 851 815 893 omnia
839 851 1038 894 suaviter.

411 917 700 960 RESPONDEO
734 916 992 971 dicendum,
1019 916 1156 976 quod,
1174 917 1291 961 sicut
1306 931 1441 976 supra
1465 916 1637 961 dictum
1660 925 1728 960 est
1744 915 1849 974 (art.
1862 915 2046 975 praec),
2065 913 2290 959 miracula

322 984 495 1029 Christi
522 984 579 1027 ad
606 983 695 1027 hoc
724 983 1061 1037 ordinabantur,
1089 984 1210 1043 quod
1237 984 1377 1028 virtus
1401 984 1646 1028 divinitatis
1665 992 2022 1042 cognosceretur
2042 983 2088 1027 in
2108 983 2209 1042 ipso
2233 981 2290 1027 ad

319 1051 566 1095 hominum
594 1050 813 1095 salutem:
836 1051 1030 1110 pertinet
1055 1062 1209 1095 autem
1238 1051 1293 1095 ad
1318 1051 1533 1095 virtutem
1556 1050 1816 1104 divinitatis,
1839 1060 1889 1095 ut
1910 1051 2062 1095 omnis
2084 1059 2290 1094 creatura

319 1119 379 1163 sit
404 1120 445 1162 ei
471 1118 693 1176 subjecta:
724 1127 769 1162 et
794 1118 898 1162 ideo
925 1118 971 1161 in
998 1118 1211 1162 omnibus
1239 1128 1549 1162 creaturarum
1576 1118 1816 1176 generibus
1849 1116 2072 1162 miracula
2098 1130 2205 1161 eum
2229 1114 2293 1160 fa-

322 1200 424 1230 cere
444 1185 658 1244 oportuit,
680 1195 724 1229 et
738 1199 833 1229 non
843 1184 996 1229 solum
1010 1186 1056 1228 in
1069 1185 1347 1239 hominibus,
1363 1186 1440 1229 sed
1460 1183 2047 1229 etiaminirrationabilibus
2061 1183 2291 1228 creaturis.

412 1252 487 1297 AD
520 1267 709 1298 PRIMUM
742 1267 852 1312 ergo
886 1253 1147 1307 dicendum,
1181 1253 1318 1311 quod,
1353 1252 1568 1296 animalia
1599 1252 1730 1296 bruta
1761 1251 2013 1311 propinque
2045 1265 2093 1296 se
2122 1250 2294 1295 habent

322 1320 576 1365 secundum
599 1334 742 1379 genus
766 1320 821 1364 ad
843 1320 1101 1373 hominem,
1118 1321 1238 1363 unde
1262 1329 1306 1363 et
1326 1319 1373 1363 in
1396 1319 1562 1363 eodem
1585 1319 1656 1363 die
1681 1333 1788 1363 curn
1809 1318 2000 1363 homine
2019 1317 2143 1363 facta
2163 1328 2292 1373 sunt3

322 1398 367 1432 et
392 1388 497 1447 quia
525 1388 646 1431 circa
673 1401 866 1446 corpora
898 1387 1105 1431 humana
1138 1386 1282 1431 multa
1314 1386 1537 1431 miracula
1568 1385 1752 1441 fecerat,
1778 1400 1874 1430 non
1899 1385 2141 1446 oportebat
2169 1384 2293 1445 quod

322 1455 445 1499 circa
471 1469 666 1514 corpora
690 1456 930 1499 brutorum
958 1453 1228 1498 animalium
1257 1453 1408 1513 aliqua
1434 1453 1656 1498 miracula
1681 1452 1874 1509 faceret3
1899 1452 2166 1512 praesertim
2187 1450 2293 1513 quia

323 1532 547 1582 quantum
581 1523 635 1566 ad
667 1532 879 1566 naturam
911 1520 1188 1575 sensibilem,
1221 1530 1266 1564 et
1299 1520 1603 1580 corporalem,
1631 1520 1794 1565 eadem
1825 1522 1941 1566 ratio
1968 1530 2043 1565 ‘est
2064 1519 2123 1577 de
2148 1519 2295 1565 homi-

323 1590 470 1643 nibus,
497 1599 542 1633 et
567 1589 623 1633 de
651 1589 749 1634 aliis
773 1588 1059 1642 animalibus,
1077 1589 1320 1648 praecipue
1343 1589 1649 1633 terrestribus:
1673 1588 1820 1647 pisces
1842 1588 1997 1633 autem
2018 1588 2123 1632 cum
2139 1587 2296 1632 vivant

324 1657 372 1700 in
400 1671 530 1716 aqua,
558 1657 705 1716 magis
733 1671 758 1700 a
779 1666 941 1700 natura
966 1656 1211 1700 hominum
1239 1655 1472 1700 differunt:
1500 1656 1620 1699 unde
1658 1665 1703 1700 et
1735 1654 1825 1700 alio
1852 1655 1925 1700 die
1948 1652 2215 1710 sunt-fac&
2245 1653 2294 1698 in

324 1724 485 1783 quibus
509 1723 783 1767 miraculum
808 1723 1018 1768 Christus
1041 1723 1149 1767 fecit
1164 1723 1212 1766 in
1231 1723 1417 1783 copiosa
1438 1723 1633 1783 piscium
1652 1733 1853 1782 captura,
1873 1732 1922 1768 ut
1936 1721 2224 1781 legiturLuc.
2241 1734 2293 1780 5’.,

328 1802 372 1836 et
391 1792 521 1850 Joan.
548 1791 626 1836 ult.
656 1801 700 1836 et
722 1792 862 1836 etiam
888 1792 935 1835 in
962 1792 1100 1850 pisce,
1135 1805 1273 1850 quem
1308 1793 1468 1836 Petrus
1493 1791 1624 1850 cepit,
1649 1801 1693 1835 et
1714 1792 1760 1835 in
1785 1805 1840 1835 eo
1862 1789 2036 1834 invenit
2051 1797 2291 1834 staterem:

326 1860 449 1918 quod
473 1869 626 1903 autern
649 1859 777 1917 porci
797 1859 844 1903 in
868 1874 994 1903 mare
1017 1859 1298 1918 praecipitati
1321 1869 1438 1913 sunt,
1461 1873 1555 1902 non
1576 1858 1660 1903 fuit
1682 1858 1888 1918 operatio
1910 1857 2052 1902 divini
2069 1855 2293 1911 miraculi,

328 1927 406 1971 sed
434 1927 639 1985 operatio
667 1927 948 1970 daemonum
976 1941 1028 1970 ex
1055 1927 1356 1985 permissione
1383 1926 1549 1969 divina.

415 1994 491 2038 AD
511 2008 771 2039 SECUNDUM
790 1994 1049 2047 dicendum,
1075 1995 1210 2052 quod,
1229 1994 1344 2038 sicut
1362 1993 1600 2052 Chrysost.
1620 1993 1728 2036 dicit
1740 2007 1873 2051 super
1890 1991 2052 2036 Matth.
2070 1993 2200 2049 (hom.
2220 1991 2291 2037 68.

323 2070 480 2121 parum
513 2077 539 2105 a
562 2063 744 2121 priua),
776 2078 799 2102 (ε
818 2075 923 2104 cum
949 2062 995 2104 in
1023 2061 1201 2120 plantis,
1228 2060 1301 2104 vel
1326 2062 1466 2105 brutis
1497 2060 1665 2120 aliquid
1692 2060 1783 2104 tale
1809 2060 2039 2104 Dominus
2066 2069 2293 2119 operatur,

323 2143 420 2173 non
446 2143 636 2188 quaeras
670 2128 863 2187 qualiter
894 2130 1009 2187 juste
1043 2129 1212 2172 siccata
1246 2139 1313 2172 est
1339 2128 1465 2184 ficus,
1494 2129 1531 2172 si
1557 2139 1737 2186 tempus
1769 2142 1864 2171 non
1896 2137 2014 2172 erat:
2047 2127 2139 2172 hoc
2171 2122 2295 2171 enim

328 2210 545 2256 quaerere
570 2206 637 2240 est
662 2196 849 2240 ultimae
878 2196 1157 2251 dementiae3
1186 2197 1291 2255 quia
1317 2196 1495 2255 scilicet
1518 2196 1565 2239 in
1591 2195 1755 2239 talibus
1781 2209 1876 2239 non
1897 2193 2125 2239 invenitur
2146 2192 2295 2253 culpa,

326 2275 371 2309 et
397 2278 567 2323 poena:
596 2264 676 2308 sed
704 2262 978 2307 miraculum
1003 2263 1189 2323 inspice,
1214 2274 1258 2308 et
1284 2264 1509 2308 admirare
1527 2263 1738 2307 miraculi
1754 2262 1978 2307 factorem
1994 2277 2048 2317 »3
2073 2275 2169 2306 non
2187 2259 2297 2305 facit

328 2342 506 2375 creator
524 2331 737 2389 injuriam
755 2331 1019 2389 possidenti,
1037 2331 1076 2374 si
1094 2341 1299 2375 creatura
1318 2346 1400 2375 suo
1421 2331 1604 2375 arbitrio
1623 2341 1774 2375 utatur
1791 2330 1846 2374 ad
1863 2329 2060 2374 aliorum
2076 2327 2295 2374 salutem:

328 2398 406 2442 sed
434 2399 596 2457 magis,
624 2408 670 2442 ut
698 2398 839 2441 Hilar.
869 2398 977 2442 dicit
1003 2413 1136 2457 super
1163 2399 1323 2443 Matth.
1351 2399 1466 2457 (can.
1494 2414 1557 2443 21.
1586 2399 1662 2442 cir.
1685 2397 1827 2456 med),
1860 2397 1947 2441 «in
1968 2396 2059 2441 hoc
2081 2394 2297 2441 bonitatis

329 2462 605 2510 Dominicae
633 2475 955 2524 argumentum
982 2466 1247 2524 reperimus,
1274 2481 1383 2509 nam
1411 2466 1486 2510 ubi
1513 2465 1662 2509 afferri
1686 2464 1833 2508 voluit
1858 2473 2127 2524 procuratae
2146 2477 2227 2523 per
2247 2475 2297 2508 se

330 2533 486 2577 salutis
515 2532 791 2590 exemplum,
817 2533 992 2576 virtutis
1020 2547 1127 2577 suae
1154 2543 1428 2592 potestatem
1453 2533 1500 2576 in
1526 2533 1741 2576 humanis
1775 2532 2039 2591 corporibus
2072 2530 2295 2576 exercuit:

330 2601 407 2644 ubi
423 2614 533 2643 vero
553 2600 598 2643 in
619 2610 915 2643 contumaces
933 2599 1133 2643 formam
1150 2600 1401 2644 severitatis
1421 2600 1737 2653 constituebat,
1753 2598 1890 2644 futuri
1905 2599 2108 2658 speciem
2125 2597 2295 2642 damno

333 2667 506 2711 arboris
538 2667 819 2720 indicavit»,
853 2677 897 2710 et
930 2667 1188 2726 praecipue,
1226 2678 1274 2711 ut
1311 2667 1550 2726 Chrysost.
1589 2666 1698 2710 dicit
1729 2667 1827 2725 (loc.
1861 2665 1969 2723 cit),
2003 2665 2051 2710 in
2085 2663 2296 2718 ficulnea,

338 2751 361 2777 κ
385 2749 501 2794 quae
529 2743 594 2778 est
619 2733 952 2786 humidissima,
980 2743 1028 2777 ut
1054 2734 1329 2777 miraculum
1357 2735 1504 2792 majus
1534 2743 1748 2792 appareat
1769 2750 1810 2776 >›.

357 2823 363 2829 ·
422 2803 498 2847 An
526 2814 741 2846 TER’rmM
765 2801 1024 2855 dicendum,
1043 2802 1164 2860 quod
1185 2801 1396 2846 Christus
1423 2802 1560 2845 etiarn
1587 2802 1634 2844 in
1663 2815 1793 2860 aqua,
1817 2810 1861 2845 et
1881 2799 1928 2845 in
1955 2804 2059 2845 aere
2083 2798 2192 2844 fecit
2216 2800 2298 2844 mi·

329 2869 498 2924 racula‚
518 2883 633 2929 quae
656 2869 740 2913 sibi
763 2868 1120 2923 conveniebant;
1147 2869 1330 2928 quando
1349 2868 1533 2924 scilicet,
1553 2879 1600 2912 ut
1618 2868 1782 2927 legitur
1799 2866 1962 2913 Matth.
1979 2867 2045 2912 8.:
2062 2867 2299 2928 Imperavit
2348 2870 2351 2871 ⁷

331 2940 478 2991 ventis,
507 2944 544 2982 et
570 2938 682 2980 mari
689 2952 705 2989 ;
734 2943 772 2980 et
797 2937 911 2991 facta
937 2942 992 2980 est
1014 2937 1294 2995 tranquillitas
1316 2951 1497 2994 magna;
1525 2951 1620 2980 non
1648 2946 1799 2981 autem
1819 2934 2120 2983 conveniebat
2141 2934 2198 2989 ei,
2220 2934 2297 2994 qui

332 3005 491 3049 omnia
515 3005 563 3048 in
589 3013 758 3048 statum
785 3003 923 3063 pacis,
944 3012 988 3046 et
1008 3003 1342 3062 tranquillitatis
1370 3018 1587 3048 revocare
1613 3014 1814 3061 venerat,
1838 3013 1887 3048 ut
1901 3001 1976 3048 vel
1991 3001 2298 3049 turbationem

332 3073 461 3127 aeris,
488 3071 562 3116 vel
589 3071 863 3115 divisionem
892 3085 1113 3130 aquarum
1146 3070 1319 3126 facere3
1353 3071 1472 3115 unde
1505 3071 1757 3131 Apostolus
1790 3071 1900 3116 dicit
1929 3070 2044 3116 Heb.
2083 3082 2174 3115 12.:
2199 3069 2299 3116 Non

330 3142 547 3185 accessistis
573 3139 626 3183 ad
653 3139 925 3193 tractabilem,
953 3144 987 3182 et
1014 3139 1297 3183 accensibilem
1324 3141 1473 3198 ignem,
1502 3145 1538 3183 et
1565 3141 1788 3194 turbinem,
1821 3145 1861 3185 et
1884 3136 2122 3197 caliginem,
2144 3141 2185 3183 et
2197 3144 2300 3197 pro·

331 3209 504 3260 cellam;
534 3207 654 3251 circa
676 3205 937 3265 passionem
965 3215 1119 3249 tamen
1147 3206 1327 3250 divisum
1360 3213 1417 3251 est
1440 3206 1593 3260 velum,
1624 3206 1678 3250 ad
1707 3204 2040 3257 ostendendum
2065 3202 2301 3249 reseratio-

328 3290 435 3319 nem
463 3275 787 3333 mysterIOrum
819 3273 952 3331 legis:
987 3279 1131 3332 aperta
1163 3279 1256 3317 sunt
1287 3280 1566 3326 monumenta,
1607 3274 1663 3317 ad
1698 3272 2034 3318 ostendendum
2065 3269 2300 3331 quodper
2348 3296 2352 3304 ·

331 3345 426 3400 ejus
463 3353 660 3386 mortem
697 3341 888 3386 mortuis
925 3339 1014 3383 vita
1052 3339 1254 3384 daretur:
1294 3347 1409 3385 terra
1441 3347 1551 3384 mota
1582 3347 1649 3394 est,
1685 3346 1720 3384 et
1747 3345 1893 3400 petrae
1921 3338 2068 3384 scissae
2103 3344 2213 3392 sunt,
2241 3335 2298 3381 ad

332 3410 665 3454 ostendendum
689 3408 810 3468 quod
834 3407 1012 3467 lapidea
1036 3407 1279 3451 hominum
1304 3408 1440 3451 corda
1466 3422 1544 3466 per
1567 3409 1662 3465 ejus
1684 3407 1946 3466 passionem
1969 3403 2297 3459 emollirentur,

332 3487 375 3521 et
401 3477 522 3536 quod
550 3487 671 3520 totus
700 3474 896 3519 mundus
918 3475 1082 3519 virtute
1110 3475 1332 3533 passionis
1362 3476 1457 3533 ejus
1485 3486 1580 3519 erat
1606 3476 1651 3519 in
1680 3474 1843 3519 melius
1870 3472 2237 3519 commutandus.

421 3544 496 3588 An
530 3556 767 3595 QUARTUM
806 3540 1065 3597 dicendum,
1103 3541 1225 3601 quod
1263 3541 1582 3600 multiplicatio
1625 3556 1796 3601 panum
1831 3554 1927 3586 non
1964 3549 2033 3586 est
2065 3538 2186 3590 facta
2216 3550 2299 3599 per

292 3634 296 3638 ·
331 3611 523 3655 niodum
542 3610 800 3664 creationis,
817 3608 895 3655 sed
914 3623 994 3669 per
1012 3607 1292 3654 additionem
1312 3619 1551 3653 extraneae
1570 3608 1787 3654 materiae
1804 3608 1850 3653 in
1866 3620 2007 3669 panes
2023 3617 2296 3653 conversae:
2321 3639 2324 3640 γ
