2352 3926
639 239 918 285 QUAESTIO
960 239 1092 278 xxn.
1133 238 1440 278 ARTICULUS
1481 237 1557 276 111.
1964 236 2070 291 207

107 342 196 403 133..
219 353 317 400 43.:
343 342 432 400 Ego
453 355 559 392 sum,
582 341 655 399 qui
679 339 787 384 deleo
813 341 1050 399 iniquitates
1082 347 1174 385 tuas
1199 347 1378 400 propter
1402 353 1492 384 me:
1527 338 1607 383 sed
1636 337 1846 383 Christus
1877 351 1972 381 non
2005 346 2073 381 est

109 408 339 463 sacerdOS,
366 407 619 452 secundum
650 407 773 467 quod
806 407 948 461 Deus,
973 406 1053 451 sed
1079 407 1331 451 secundum
1365 407 1488 466 quod
1521 406 1692 460 homo;
1725 418 1836 463 ergo
1868 403 2074 448 sacerdo-

107 476 224 521 tium
251 474 422 519 Christi
447 488 542 518 non
569 483 638 518 est
663 473 940 532 expiativum
966 483 1276 532 peccatorum.

171 554 241 587 -3.
267 542 566 587 PRAETEREA.
603 540 764 600 Apost.
792 539 902 583 dicit
928 539 1063 584 Hebr
1099 551 1180 593 10.,
1199 540 1320 598 quod
1339 540 1517 584 hostiae
1534 539 1700 584 veteris
1715 537 1975 584 testamenti
1991 552 2073 582 non

34 612 51 661 {¹
101 614 302 671 poterant
315 608 522 669 perfectos
542 608 712 667 facere,·
739 607 928 665 alioquin
953 612 1164 651 cessassent
1190 606 1355 664 offerri;
1383 621 1427 651 eo
1454 606 1562 665 quod
1588 607 1749 651 nullam
1772 605 1967 650 haberent
1984 619 2076 649 com

106 677 321 723 scientiam
339 677 504 735 peccati
529 675 704 720 cultores
718 674 960 733 sufficienter
980 673 1100 718 semel
1116 673 1334 725 mundati;
1360 673 1427 717 sed
1448 676 1493 716 in
1519 676 1615 733 ipsis
1637 674 1973 718 commemoratio
1984 679 2076 732 pec·

107 748 300 789 catorum
321 749 401 802 per
423 741 604 800 singulos
629 754 757 785 annos
781 741 853 795 fit.-
877 741 956 784 sed
983 739 1190 784 similiter
1216 739 1296 783 sub
1326 740 1584 784 sacerdotio
1611 740 1781 784 Christi
1803 739 1853 784 fit
1874 752 2074 783 comme-

107 810 305 854 moratio
322 817 632 868 peccatorum,
647 821 753 851 curn
770 807 955 851 dicitur:
975 807 1156 851 Dimitte
1171 807 1289 850 nobis
1309 806 1446 851 debita
1463 813 1619 860 nostra,
1634 807 1794 850 Matth.
1814 806 1870 850 6.:
1890 805 2078 850 offertur

36 882 43 886 “
108 876 250 922 etiam
277 877 495 920 continue
521 874 797 918 sacrificium
814 874 860 917 in
879 872 1099 929 Ecclesia,
1116 873 1235 917 unde
1254 883 1299 917 et
1314 873 1483 916 ibidem
1512 873 1696 917 dicitur:
1716 873 1874 917 Panem
1889 878 2076 917 nostrum

107 942 395 1003 quotidianum
405 941 459 986 da
468 942 585 986 nobis
600 941 718 986 hodie
728 956 744 993 ;
765 955 876 1000 ergo
894 954 974 999 per
987 940 1295 985 sacerdotium
1315 939 1487 983 Christi
1505 954 1599 984 non
1618 940 1855 998 expiantur
1872 949 2074 999 peccata.

31 1053 35 1057 .
202 1024 240 1069 3.
281 1009 579 1054 PRAETEREA.
619 1008 673 1051 In
704 1008 847 1052 veteri
882 1006 984 1066 lege
1013 1009 1212 1051 maxime
1244 1006 1572 1050 immolabatur
1598 1006 1750 1050 hircus
1777 1020 1858 1064 pro
1886 1015 2075 1065 peccato

27 1071 34 1078 ”
107 1075 338 1137 principis,
362 1074 438 1120 vel
465 1089 601 1134 capra
626 1089 709 1133 pro
737 1084 927 1134 peccato
957 1073 1144 1131 alicujus
1173 1073 1228 1117 de
1255 1072 1444 1132 populo,
1471 1072 1545 1117 vel
1570 1073 1737 1116 vitulus
1770 1087 1852 1130 pro
1886 1082 2075 1130 peccato

30 1192 35 1197 ¹
108 1141 373 1196 sacerdotis,
396 1151 446 1185 ut
470 1151 594 1201 patet
616 1141 760 1185 Levit.
782 1153 849 1196 4.:
874 1140 952 1184 sed
977 1139 1186 1184 Christus
1203 1139 1317 1183 nulli
1335 1140 1503 1184 horum
1521 1150 1827 1197 eomparatur,
1841 1140 1921 1183 sed
1941 1153 2076 1197 agno,

109 1208 368 1255 secundum
392 1207 505 1253 illud
528 1208 729 1253 Hierem.
763 1222 852 1252 11.:
881 1209 969 1266 Ego
992 1209 1111 1267 quasi
1137 1222 1266 1266 agnus
1287 1214 1539 1262 mansuetus,
1567 1210 1639 1266 qui
1657 1213 1857 1266 portatur
1877 1207 1931 1251 ad
1952 1209 2078 1251 victi-

33 1270 37 1319 ’,
106 1276 247 1334 mam,
271 1289 382 1335 ergo
407 1274 597 1329 videtur,
625 1275 747 1334 quod
774 1276 869 1332 eius
896 1274 1206 1319 sacerdotium
1227 1289 1320 1318 non
1348 1276 1405 1319 sit
1431 1275 1709 1332 expiativum
1736 1283 2046 1332 peccatorum.

200 1342 295 1387 SED
320 1355 510 1388 CONTRA
537 1342 768 1401 est,-quod
795 1341 1047 1402 Apostolus
1080 1341 1190 1385 dicit
1221 1342 1358 1385 Hebr.
1386 1355 1451 1402 9.:
1483 1342 1660 1400 Sanguis
1693 1340 1868 1394 Christi,
1902 1342 1974 1399 qui
1998 1348 2079 1400 per

21 1455 23 1469 ἶ
110 1409 316 1469 Spiritum
340 1410 541 1455 Sanctum
565 1411 739 1469 seipsum
762 1409 908 1453 obtulit
938 1409 1260 1453 immaculatum
1285 1409 1394 1463 Deo,
1422 1408 1664 1453 einundabit
1695 1409 1989 1452 conscientiam
2011 1422 2080 1451 no-

31 1501 34 1502 ’
107 1483 241 1522 stram
262 1477 315 1521 ab
341 1477 531 1536 operibus
555 1478 746 1530 mortuis,
777 1475 831 1519 ad
850 1475 1114 1520 serviendum
1135 1476 1228 1519 Deo
1254 1477 1443 1520 viventi:
1467 1489 1609 1534 opera
1636 1485 1790 1518 autern
1813 1485 1996 1518 mortua
2019 1474 2081 1517 di-

25 1546 28 1554 '
110 1552 273 1588 cuntur
298 1553 510 1603 peccata3
539 1556 648 1602 ergo
677 1542 985 1587 sacerdotium
1005 1542 1178 1586 Christi
1195 1542 1333 1601 habet
1349 1543 1564 1586 virtutem
1582 1541 1861 1586 emundandi
1877 1551 2078 1599 peccata.

197 1609 487 1654 Responnzo
505 1609 765 1678 dicendrqn,
788 1609 912 1668 quod
935 1609 991 1652 ad
1008 1602 1305 1668 peccatorum
1322 1608 1574 1668 perfectam
1593 1608 1970 1652 emundationem
1987 1608 2078 1652 duo

111 1676 413 1735 requiruntur,
439 1676 692 1720 secundum
719 1675 842 1735 quod
870 1676 960 1719 duo
983 1685 1088 1720 sunt
1112 1676 1159 1719 in
1190 1686 1396 1735 peccato,
1423 1676 1598 1720 scilicet
1619 1675 1801 1719 macula
1829 1674 2003 1735 culpae,
2037 1685 2081 1719 et

110 1752 260 1788 reatus
285 1757 485 1802 poenae:
498 1742 696 1787 macula
724 1742 909 1802 quidem
937 1741 1097 1802 culpae
1125 1742 1301 1787 deletur
1332 1757 1413 1802 per
1445 1743 1653 1802 gratiam,
1688 1757 1778 1802 qua
1812 1757 1893 1786 cor
1923 1756 2082 1801 pecca-

111 1809 223 1854 toris
256 1809 534 1853 convertitur
565 1808 612 1852 in
644 1809 820 1852 Deum:
855 1819 1005 1853 reatus
1040 1820 1192 1854 autern
1225 1825 1401 1869 poenae
1434 1810 1633 1854 totaliter
1665 1810 1838 1854 tollitur
1869 1825 1948 1869 per
1973 1810 2080 1864 hoc,

113 1877 237 1936 quod
254 1876 401 1920 homo
417 1876 522 1920 Deo
539 1875 779 1920 satisfacit:
799 1885 1042 1935 utrumque
1062 1887 1214 1920 autem
1233 1877 1400 1921 horum
1415 1876 1551 1921 efficit
1562 1877 1869 1921 sacerdotium
1884 1877 2078 1921 Christi:

0 1931 34 2011 κζ
108 1956 218 1987 nam
234 1943 400 1987 virtute
425 1943 564 2001 ipsius
582 1943 726 2002 gratia
738 1943 870 1987 nobis
888 1943 1031 1998 datur,
1052 1958 1141 2003 qua
1155 1945 1293 1988 corda
1316 1954 1473 1988 nostra
1497 1954 1822 1988 convertuntur
1840 1944 1895 1987 ad
1911 1945 2079 1998 Deum,

114 2010 366 2054 secundum
393 2008 503 2054 illud
531 2010 668 2053 Rom.
705 2024 765 2069 3.:
796 2011 1021 2069 justificati
1044 2013 1175 2069 gratis
1197 2019 1278 2071 per
1306 2014 1494 2070 gratiam
1522 2013 1650 2071 ipsius
1677 2019 1757 2070 per
1788 2012 2077 2065 redentionem,

0 2068 38 2138 ᾗ.
114 2091 219 2137 quae
248 2083 307 2124 est
334 2079 380 2122 in
415 2077 578 2123 Christo
604 2078 716 2135 Jesu,
749 2092 869 2137 quem
901 2080 1124 2138 proposuit
1148 2079 1262 2123 Deus
1293 2080 1625 2139 propitiatorem
1656 2086 1736 2138 per
1756 2079 1886 2137 fidem
1908 2080 1953 2122 in
1977 2093 2078 2123 san-

0 2143 1 2150 *
23 2145 42 2162 “
109 2145 233 2204 guina
252 2146 404 2205 ipsius:
431 2145 527 2203 ipse
554 2145 692 2189 etiam
710 2159 792 2204 pro
819 2145 951 2189 nobis
978 2145 1179 2204 plenarie
1205 2145 1434 2200 satisfecit,
1454 2146 1726 2204 inquantum
1742 2146 1839 2204 ipse
1866 2146 2082 2203 languores

111 2216 271 2256 nostros
296 2212 403 2265 tulit,
431 2216 467 2256 et
491 2211 648 2256 dolores
672 2218 831 2256 nostros
857 2215 937 2271 ipse
957 2214 1184 2272 portavit:
1218 2213 1338 2257 unde
1364 2222 1501 2272 patet,
1529 2213 1651 2272 quod
1676 2212 1848 2257 Christi
1866 2213 2082 2257 'sacerdo-

111 2277 229 2323 tium
253 2278 392 2322 habet
417 2277 602 2338 plenam
626 2279 722 2322 vim
749 2280 958 2337 expiandi
985 2290 1187 2339 peccata.

199 2345 277 2390 AD
302 2358 492 2390 PRIMUM
518 2359 628 2405 ergo
656 2345 917 2400 dicendum,
944 2347 1067 2405 quod
1093 2346 1200 2391 licet
1233 2347 1443 2391 Christus
1470 2361 1565 2390 non
1590 2346 1723 2390 fuerit
1750 2346 1979 2400 sacerdos,
2007 2360 2075 2390 se-

112 2412 314 2456 cundum
340 2412 462 2471 quod
492 2412 634 2467 Deus,
667 2412 746 2457 sed
779 2413 1033 2457 secundum
1068 2414 1191 2472 quod
1234 2414 1404 2468 homo3
1433 2428 1549 2458 unus
1580 2423 1735 2458 tamen
1769 2423 1814 2457 et
1844 2414 1967 2457 idem
1999 2413 2083 2457 fuit

0 2475 49 2535 [⁴²
113 2478 342 2534 sacerdos,
369 2489 414 2524 et
438 2479 728 2534 Deus3unde
754 2480 799 2523 in
828 2480 1018 2540 Synodo
1045 2480 1276 2540 Ephesina
1299 2482 1433 2541 (part.
1447 2497 1483 2540 3.
1513 2489 1602 2540 cap.
1626 2483 1872 2539 1.,can.10.)
1896 2480 2081 2539 legitur:

0 2545 2 2589 ff
114 2562 138 2589 α
157 2545 207 2591 Si
223 2547 324 2605 quis
343 2545 630 2601 Pontificem,
648 2555 692 2591 et
713 2546 993 2607 Apostolum
1014 2557 1223 2592 nostrum
1249 2547 1422 2592 factum
1455 2548 1578 2603 dicit,
1605 2563 1698 2591 non
1722 2550 1872 2607 ipsum
1899 2562 1953 2591 ex
1978 2548 2081 2591 Deo

110 2611 315 2657 Verbum
342 2613 525 2672 quando
547 2612 720 2657 factum
747 2623 813 2657 est
835 2628 959 2669 caro,
986 2624 1030 2658 et
1052 2615 1306 2659 secundum
1332 2629 1418 2658 nos
1444 2615 1605 2669 homo,
1629 2615 1708 2659 sed
1734 2625 1953 2674 tanquam
1978 2613 2083 2658 alte·

111 2693 213 2724 rum
238 2689 416 2739 praeter
441 2694 547 2724 eum
570 2694 779 2725 seorsum
806 2681 1045 2725 hominem
1068 2696 1123 2725 ex
1149 2681 1356 2736 muliere,
1381 2683 1626 2726 anathema
1653 2682 1709 2726 sit
1726 2698 1778 2736 »;
1802 2692 1847 2726 et
1871 2682 1991 2735 ideo,
2018 2682 2081 2724 in-

49 2757 75 2796 g?
112 2755 334 2806 quantum
366 2748 461 2806 ejus
493 2748 752 2792 humanitas
791 2748 1062 2806 operabatur
1087 2748 1134 2792 in
1159 2749 1323 2801 virtute
1357 2749 1629 2803 divinatatis,
1662 2748 1773 2793 illud
1807 2749 2079 2793 sacrificium

113 2821 210 2858 erat
235 2812 603 2859 efficacissimum
630 2814 685 2858 ad
713 2814 906 2859 delenda
928 2825 1142 2874 peccata:
1169 2826 1352 2875 propter
1380 2816 1502 2875 quod
1530 2817 1723 2875 August.
1753 2816 1859 2859 dicit
1884 2816 1931 2859 in
1949 2827 1990 2870 4.
2024 2815 2079 2859 de

49 2875 64 2897 ³
114 2877 243 2924 Trin.
272 2880 382 2940 (cap.
410 2895 475 2938 14.
502 2883 548 2925 in
568 2882 670 2941 fin.)
690 2899 705 2924 .·
737 2882 852 2935 «Ut,
880 2882 1099 2941 quoniam
1127 2892 1323 2941 quatuor
1350 2883 1696 2927 considerantur
1721 2883 1767 2926 in
1795 2882 1924 2926 omni
1949 2881 2082 2926 sacri-

0 2939 2 2943 ’
46 2950 73 2987 'J
112 2944 234 3001 ficio,
261 2947 335 2991 cui
361 2946 590 3000 offeratur,
610 2962 636 2991 a
662 2962 753 3007 quo
780 2947 1011 3003 offeratur,
1039 2949 1145 3008 quid
1164 2948 1393 3003 offeratur,
1412 2963 1494 3008 pro
1522 2949 1683 3008 quibus
1707 2948 1936 3002 offeratur,
1957 2948 2079 2992 idem

113 3011 210 3072 ipse
231 3027 346 3058 unus
358 3028 582 3074 verusque
600 3015 838 3070 mediator,
856 3029 935 3074 per
951 3015 1225 3059 sacrificium
1242 3017 1365 3075 pacis
1384 3016 1687 3060 reconcilians
1704 3030 1788 3060 nos
1803 3017 1919 3069 Deo,
1937 3029 2079 3058 unum

39 3088 60 3143 ,J
115 3092 221 3124 cum
245 3079 327 3125 illo
354 3090 572 3135 maneret,
599 3082 673 3126 cui
705 3080 947 3136 offerebat3
989 3096 1131 3126 unum
1157 3083 1204 3125 in
1231 3097 1278 3126 se
1311 3082 1496 3136 faceret,
1523 3097 1605 3142 pro
1639 3082 1799 3141 quibus
1833 3081 2080 3135 offerebat3

113 3152 231 3191 unus
253 3145 350 3206 ipse
377 3157 508 3202 esset,
535 3147 613 3207 qui
639 3146 871 3203 offerebat,
895 3158 940 3193 et
966 3149 1088 3208 quod
1116 3148 1335 3194 offerebat
1354 3167 1395 3192 ».

35 3255 37 3258 .
204 3212 281 3257 An
307 3223 566 3259 SECUNDUM
585 3214 842 3269 dicendum,
870 3216 991 3274 quod
1009 3227 1196 3275 peccata
1213 3230 1306 3260 non
1331 3226 1755 3260 commemorantur
1781 3215 1826 3257 in
1839 3229 1959 3258 nova
1978 3213 2079 3272 lege

115 3287 298 3338 propter
337 3279 637 3326 inefficaciam
672 3282 915 3326 sacerdotii
942 3282 1128 3337 Christi,
1155 3284 1283 3342 quasi
1315 3297 1394 3342 per
1419 3283 1568 3342 ipsum
1594 3296 1688 3326 non
1711 3280 1986 3325 sufficienter
2011 3294 2082 3325 ex-

116 3344 296 3405 pientur
315 3358 525 3406 peccata;
552 3348 632 3393 sed
650 3359 1073 3393 commemorantur
1095 3359 1314 3408 quantum
1342 3349 1396 3392 ad
1423 3348 1542 3402 illos,
1561 3350 1636 3407 qui
1662 3347 1735 3391 vel
1753 3349 1847 3405 ejus
1871 3346 2078 3391 sacrificii

116 3410 281 3456 nolunt
304 3426 404 3457 esse
428 3415 683 3474 participes,
716 3416 833 3459 sicut
863 3426 968 3460 sunt
993 3415 1211 3470 infideles,
1239 3430 1320 3475 pro
1349 3429 1544 3475 quorum
1571 3414 1770 3473 peccatis
1798 3427 1998 3468 oramus,
2032 3423 2080 3457 ut

117 3488 462 3534 convertantur3
485 3480 561 3526 vel
586 3481 725 3526 etiam
765 3492 985 3541 quantum
1014 3482 1069 3526 ad
1109 3482 1226 3537 illos,
1269 3482 1346 3541 qui
1373 3492 1475 3540 post
1508 3481 1905 3540 participationem
1944 3479 2080 3538 huJus

116 3543 329 3590 sacrificii
353 3545 409 3590 ad
436 3560 492 3591 eo
528 3547 710 3592 deviant
732 3547 1122 3608 qualitercumque
1158 3549 1416 3607 peccando:
1454 3547 1727 3591 sacrificium
1763 3556 1929 3602 autem,
1956 3547 2078 3607 quod
2139 3577 2146 3583 -

63 3610 358 3670 quotidie·
345 3625 392 3656 m
418 3609 624 3658 Ecclesia
655 3613 856 3667 offertur,
881 3628 976 3658 non
1003 3624 1070 3658 est
1102 3614 1222 3658 aliud
1251 3629 1275 3657 a
1301 3613 1540 3668 sacrificio,
1583 3613 1742 3672 quod
1732 3627 1827 3673 ipse
1869 3613 2077 3659 Christus
