2352 3926
325 205 431 276 582
834 216 1109 263 QUAESTIO
1148 217 1334 256 vant.
1374 183 1685 257 ARTrCULus
1724 217 1781 256 11.

1035 428 1468 509 ARTI'CULUS
1511 452 1583 506 Π.
2111 424 2283 534 ''f-{5385

584 603 778 643 UTRUM
817 604 938 643 SINE
978 602 1249 642 BAPTISMO
1290 603 1511 649 ALIQUIS
1552 601 1746 641 POSSIT
1781 599 2024 643 SALVARI.

476 729 570 787 (1-2.
600 744 639 788 q.
661 745 741 789 113.
769 736 850 774 art.
869 745 907 789 3.
929 729 983 773 ad
1008 745 1043 775 1.
1071 736 1107 774 et
1123 743 1165 787 4.
1188 731 1299 774 Dist.
1326 744 1367 787 4.
1393 745 1430 788 q.
1450 745 1486 789 3.
1509 735 1590 774 art.
1615 744 1648 787 3.
1673 743 1710 787 q.
1744 743 1783 773 2.
1817 735 1930 788 corp.
1955 734 1996 773 et
2025 726 2079 772 ad
2104 742 2141 787 3.

953 803 988 841 et
1019 797 1091 841 lib.
1116 811 1157 854 4.
1195 797 1342 842 Contr.
1367 811 1408 855 g.
1444 804 1536 855 cap.
1571 809 1637 854 72.

714 870 750 909 et
783 864 936 922 Quodl.
970 881 1005 910 1.
1039 871 1121 909 art.
1148 878 1190 922 4.
1218 870 1255 909 et
1280 865 1405 921 Joan.
1441 863 1482 908 6.
1516 863 1603 908 lect.
1637 876 1675 922 7.
1709 870 1800 922 cap.
1831 861 1905 921 1.).

414 990 490 1034 AD
519 1002 781 1034 SECUNDUM
813 989 877 1033 sic
910 990 1182 1048 proceditur.
1219 989 1433 1043 Videtur,
1459 989 1581 1048 quod
1615 989 1711 1033 sine
1748 989 1976 1048 baptismo
2003 987 2162 1034 nullus,
2184 1002 2287 1048 pos-

326 1057 383 1101 sit
409 1056 597 1101 salvari:
627 1057 735 1100 dicit
761 1057 884 1101 enim
905 1057 1135 1101 Dominus
1156 1057 1287 1114 Joan.
1316 1071 1375 1116 3.:
1427 1058 1527 1102 Nist
1558 1058 1648 1115 quis
1673 1063 1840 1101 renatus
1866 1057 2075 1115 fuerit‘ex
2102 1070 2232 1116 aqua,
2258 1063 2296 1102 et
2350 1071 2352 1074 ·

324 1125 489 1183 Spiritu
515 1125 681 1179 Sancto,
714 1139 798 1168 non
823 1130 959 1183 potest
984 1126 1158 1168 introire
1191 1126 1236 1168 in
1269 1139 1439 1183 regnum
1470 1125 1581 1168 Dei:
1615 1123 1691 1168 sed
1723 1123 1791 1167 illi
1822 1122 1910 1168 soli
1934 1123 2182 1178 salvantur,
2212 1124 2292 1184 qui

323 1205 520 1250 regnum
543 1191 633 1236 Dei
654 1191 845 1246 intrant3
869 1205 979 1249 ergo
1003 1190 1153 1235 nullus
1175 1200 1326 1250 potest
1341 1191 1507 1235 salvari
1533 1191 1630 1235 sine
1650 1190 1894 1249 baptismo,
1919 1204 2011 1250 quo
2045 1189 2205 1251 aliquis
2231 1206 2298 1237 re·
2320 1233 2323 1237 .

326 1269 568 1317 generatur
594 1273 650 1303 ex
676 1273 806 1317 aqua,
833 1268 877 1302 et
903 1258 1072 1316 Spiritu
1101 1258 1286 1302 Sancto.

418 1339 458 1370 2.
486 1326 785 1371 PRAETEREA.
818 1326 870 1369 In
897 1325 1011 1369 libro
1040 1325 1095 1369 de
1132 1325 1394 1370 Ecclesiast.
1428 1325 1735 1383 Dogmatibus
1771 1325 1885 1384 (cap.
1919 1338 1989 1384 74.
2027 1326 2137 1370 inter
2170 1332 2298 1386 opera

327 1393 529 1452 August.)
556 1393 740 1437 dicitur:
774 1408 797 1434 «
824 1391 1015 1436 Nullum
1053 1393 1455 1447 catechumenum,
1493 1386 1701 1451 quamvis
1737 1391 1784 1436 in
1818 1391 1952 1436 bonis
1985 1391 2196 1452 operibus
2227 1393 2300 1438 de-

327 1459 550 1515 functum,
581 1461 723 1504 vitam
744 1460 912 1504 habere
937 1460 1178 1514 credimus,
1206 1470 1394 1519 excepto
1422 1461 1657 1519 martyrio,
1683 1459 1761 1504 ubi
1785 1469 1932 1505 totum
1960 1469 2299 1507 sacramentum
2350 1490 2352 1504 ÷

329 1529 541 1588 baptismi
574 1527 829 1587 completur
855 1545 910 1572 »ι
937 1528 1015 1572 sed
1047 1529 1086 1572 si
1118 1527 1279 1587 aliquis
1313 1528 1410 1572 sine
1443 1528 1671 1586 baptismo
1703 1537 1859 1587 posset
1890 1526 2071 1584 salvari,
2100 1528 2300 1573 maxime
2343 1559 2346 1560 γ

329 1597 420 1640 hoc
457 1596 646 1639 haberet
676 1594 832 1638 locum
865 1596 911 1638 in
946 1595 1287 1639 catechumenis
1318 1595 1441 1640 bona
1474 1609 1613 1654 opera
1651 1595 1935 1650 habentibus,
1973 1594 2052 1654 qui
2090 1594 2301 1641 videntur
2350 1628 2352 1637 2

330 1663 499 1707 habere
525 1662 663 1706 fidem
688 1676 768 1722 per
793 1661 1088 1707 dilectionem
1116 1672 1407 1721 operantem;
1436 1677 1545 1722 ergo
1571 1662 1762 1717 videtur,
1789 1662 1912 1722 quod
1943 1663 2040 1708 sine
2070 1662 2306 1724 baptismo>

332 1730 484 1774 nullus
510 1730 653 1789 possit
678 1729 857 1774 salvari.
2276 1766 2280 1768 .

426 1813 463 1858 3.
491 1798 789 1843 PRAETEREA.
818 1797 948 1842 Sicut
971 1812 1106 1857 supra
1133 1799 1307 1843 dictum
1339 1810 1407 1843 est
1438 1800 1499 1858 (q.
1527 1800 1588 1858 65.
1617 1805 1698 1845 art.
1721 1814 1757 1858 3.
1785 1804 1821 1843 et
1844 1799 1923 1856 4.),
1959 1809 2300 1851 sacramentum

332 1866 547 1926 baptismi
585 1876 652 1910 est
693 1866 749 1910 de
783 1865 1055 1910 necessitate
1095 1866 1274 1911 salutis:
1311 1867 1620 1911 necessarium
1653 1876 1805 1910 autem
1837 1876 1919 1919 est,
1951 1866 2048 1911 sine
2079 1880 2172 1926 quo
2203 1880 2300 1913 non

333 1944 484 1993 potest
510 1933 677 1992 aliquid
705 1947 819 1988 esse,
845 1943 894 1977 ut
919 1933 1084 1978 dicitur
1114 1947 1150 1991 ς.
1177 1934 1377 1993 Metaph.
1415 1934 1516 1992 (tex.
1551 1934 1644 1992 6.);
1679 1947 1789 1993 ergo
1821 1933 2012 1988 videtur,
2049 1933 2173 1994 quod
2203 1934 2301 1979 sine

333 2002 562 2061 baptismo
596 2000 746 2045 nullus
779 2002 922 2060 possit
954 2001 1173 2060 consequi
1205 2001 1413 2046 salutem.
2317 2013 2352 2057 3

423 2069 519 2123 SED
547 2081 744 2113 CONTRA
767 2078 847 2122 est,
872 2068 995 2127 quod
1022 2068 1214 2127 August.
1240 2069 1348 2113 dicit
1370 2083 1503 2128 super
1538 2067 1724 2112 Levitic.
1749 2068 1810 2127 (q.
1833 2069 1906 2126 84.
1943 2082 1970 2113 a
2000 2066 2147 2127 med),
2193 2083 2217 2109 α
2237 2067 2302 2113 in-
2341 2059 2352 2077 “’

331 2135 558 2180 visibilem
600 2135 1011 2180 sanctificationem
1049 2136 1320 2194 quibusdam
1358 2135 1553 2190 affuisse,
1587 2145 1631 2180 et
1661 2134 1885 2194 profuisse
1921 2135 2020 2180 sine
2051 2134 2303 2182 visibilibus
2335 2167 2352 2183 .

334 2204 656 2247 sacramentis:
683 2202 910 2247 visibilem
935 2217 1045 2247 vero
1073 2203 1498 2258 sanctificationem,
1525 2217 1642 2262 quae
1667 2202 1717 2247 fit
1741 2202 1788 2246 in
1811 2212 2099 2250 sacramento
2123 2201 2303 2256 visibili,
2350 2239 2352 2250 2

337 2272 434 2315 sine
461 2269 675 2314 invisibili
700 2284 835 2329 posse
862 2270 1035 2324 adesse,
1063 2271 1142 2314 sed
1168 2285 1263 2314 non
1289 2285 1423 2330 posse
1445 2271 1661 2330 prodesse
1683 2286 1723 2313 ».
1749 2269 1870 2315 Cum
1892 2270 2031 2329 igitur
2050 2282 2306 2318 sacramen·
2347 2284 2352 2322 ζ

335 2349 434 2382 tum
459 2338 671 2396 baptismi
705 2337 762 2380 ad
792 2337 1018 2382 visibilem
1046 2338 1456 2383 sanctificationem
1488 2338 1724 2397 pertineat,
1755 2337 1934 2382 videtur
1964 2337 2088 2396 quod
2114 2337 2214 2382 sine
2238 2351 2306 2382 sa·
2347 2336 2352 2345 ²

336 2414 574 2449 cramento
599 2405 812 2464 baptismi
844 2404 1005 2463 aliquis
1037 2408 1181 2464 possit
1212 2405 1407 2450 salutem
1441 2405 1660 2464 consequi
1695 2419 1777 2463 per
1806 2403 2086 2449 invisibilem
2112 2403 2307 2450 sanctifi·
2341 2417 2352 2451 f

337 2473 581 2517 cationem.
2345 2464 2352 2518 23

425 2539 715 2584 RESPONDEO
739 2538 997 2593 dicendum,
1016 2539 1138 2598 quod
1157 2549 1495 2584 sacramentum
1515 2539 1735 2615 baptismi
1756 2538 1976 2598 dupliciter
1995 2548 2144 2599 potest
2166 2538 2304 2585 alicui

337 2607 518 2652 deesse.
546 2621 627 2651 uno
653 2605 773 2650 modo
801 2616 846 2650 et
866 2620 927 2660 re,
952 2617 995 2650 et
1015 2617 1150 2650 voto·
1141 2606 1298 2666 ,quod
1322 2606 1547 2665 contingit
1569 2606 1671 2660 illis,
1694 2607 1771 2665 qui
1792 2620 1877 2650 nec
1898 2606 2197 2666 baptizantur,
2216 2620 2304 2653 nec
2328 2544 2352 2681 Ξ

334 2674 553 2734 baptizari
578 2672 762 2717 volunt:
797 2673 919 2731 quod
946 2673 1185 2717 manifeste
1214 2673 1268 2716 ad
1292 2683 1609 2732 contemptum
1636 2674 1911 2718 sacramenti
1937 2674 2144 2734 pertinet,
2169 2688 2308 2734 quan-
2325 2650 2352 2735 ξ.

337 2752 437 2786 tum
465 2741 521 2785 ad
547 2739 667 2795 illos,
701 2740 778 2799 qui
809 2740 979 2784 habent
1006 2754 1139 2784 usum
1166 2740 1297 2784 liberi
1329 2740 1521 2784 arbitrii:
1557 2750 1602 2785 et
1632 2740 1736 2786 ideo
1764 2740 1827 2794 hi,
1853 2741 2014 2800 quibus
2039 2741 2131 2787 hoc
2162 2741 2352 2794 modoa

326 2809 465 2854 'deest
495 2808 759 2867 baptismus,
792 2807 985 2851 salutem
1019 2808 1238 2866 consequi
1269 2821 1363 2851 non
1397 2818 1599 2866 possunt,
1649 2808 1753 2866 quia
1788 2822 1874 2852 nec
1906 2779 2352 2902 sacramentaliter,{

338 2890 423 2921 nec
452 2874 709 2920 mentaliter
736 2874 922 2919 Christo
950 2875 1311 2933 incorporantur,
1339 2890 1419 2933 per
1446 2889 1583 2934 quem
1617 2875 1768 2919 solum
1801 2883 1868 2920 est
1899 2874 2044 2921 salus.
2070 2875 2156 2921 alio
2183 2875 2352 2924 modos

337 2953 488 3003 potest
510 2951 847 2987 sacramentum
880 2941 1093 3001 baptismi
1116 2941 1250 2985 alicui
1269 2942 1424 2986 deesse
1443 2957 1504 2996 re,
1523 2942 1601 2986 sed
1619 2957 1712 2986 non
1728 2952 1863 2998 vot0;
1881 2942 1999 2987 sicut
2019 2956 2126 2988 cum
2143 2941 2349 3002 aliquis

337 3011 556 3070 baptizari
583 3009 822 3063 desiderat,
850 3009 929 3054 sed
954 3008 1106 3067 aliquo
1130 3023 1236 3052 casu
1260 3010 1547 3067 praevenitur
1570 3019 1732 3064 morte,
1765 3020 2009 3070 antequam
2030 3009 2308 3070 baptismum
2333 3023 2350 3063 ‚i

338 3078 575 3137 suscipiat3
594 3088 638 3122 et
653 3076 755 3121 talis
781 3077 877 3121 sine
903 3076 1130 3134 baptismo
1156 3076 1321 3120 actuali
1347 3076 1538 3121 salutem
1575 3077 1794 3136 consequi
1826 3087 1990 3137 potest,
2022 3086 2207 3138 propter
2236 3077 2311 3123 de·

338 3146 556 3190 siderium
582 3144 808 3204 baptismi,
827 3143 948 3203 quod
966 3143 1171 3201 procedit
1194 3158 1246 3187 ex
1267 3143 1355 3188 fide
1383 3159 1462 3203 per
1488 3144 1782 3189 dilectionem
1805 3153 2037 3204 operante,
2058 3158 2140 3204 per
2169 3150 2311 3207 quam
2336 3167 2338 3170 >

337 3214 464 3258 Deus
490 3213 676 3257 interius
703 3211 941 3256 hominem
960 3210 1223 3265 sanctificat,
1243 3213 1370 3270 cujus
1393 3213 1595 3269 potentia
1619 3207 1916 3258 sacramentis
1936 3210 2188 3258 visibilibus
2212 3222 2313 3259 non
2350 3258 2352 3267 ,

341 3280 577 3339 alligatur3
604 3280 723 3323 unde
752 3278 964 3322 Ambros.
1003 3278 1110 3322 dicit
1137 3279 1201 3334 (in
1228 3278 1299 3323 lib.
1329 3278 1374 3322 do
1414 3280 1542 3323 Obitu
1585 3279 1791 3324 Valentin.
1824 3279 2018 3338 ale‘quant
2040 3294 2068 3324 a
2092 3277 2219 3338 med.)
2251 3278 2308 3324 de

336 3347 677 3400 Valentiniano,
702 3348 778 3405 qui
802 3345 1156 3389 catechumenus
1180 3355 1385 3389 mortuus
1410 3345 1513 3389 fuit:
1551 3362 1574 3387 «
1599 3346 1754 3398 Quem
1786 3355 2132 3405 regeneraturus
2164 3359 2306 3402 eram,

341 3415 494 3459 amisi:
521 3424 839 3459 verumtamen
866 3411 941 3457 ille
969 3412 1177 3470 gratiam,
1205 3426 1342 3470 quam
1370 3413 1592 3472 poposcit,
1620 3427 1712 3457 non
1742 3412 1893 3457 amisit
1914 3429 1954 3457 ».

428 3483 503 3527 AD
530 3495 719 3527 PRIMUM
753 3495 862 3539 ergo
897 3479 1154 3533 dicendum,
1193 3480 1329 3537 quod,
1363 3479 1478 3523 sicut
1504 3480 1667 3523 dicitur
1710 3493 1745 3525 1.
1778 3479 1892 3539 Reg.
1930 3474 2013 3534 16„
2045 3478 2167 3524 homo
2196 3478 2335 3526 videt·

339 3566 402 3604 ea,
431 3565 535 3609 quae
561 3555 734 3610 patent:
762 3549 974 3593 Dominus
994 3552 1130 3592 autem
1152 3547 1334 3590 intuetur
1359 3560 1444 3591 cor.
1472 3546 1552 3590 Ille
1581 3556 1748 3600 autem,
1776 3546 1854 3606 qui
1879 3545 2106 3591 desiderat
2124 3558 2208 3606 per·
2233 3545 2308 3590 ba·

338 3617 558 3675 ptisrnum
592 3615 850 3675 regenerari
878 3630 929 3660 ex
963 3627 1095 3674 aqua,
1127 3622 1170 3658 et
1203 3612 1371 3672 Spiritu
1406 3612 1593 3667 Sancto,
1628 3613 1765 3657 corde
1799 3612 1985 3672 quidem
2016 3622 2306 3674 regeneratus
2339 3605 2352 3665 ‘i
