2352 3926
707 230 989 278 omsrto
1028 232 1080 271 x.
1122 230 1431 272 aarrcunus
1469 232 1505 271 r.
1988 235 2085 289 115

853 449 1290 509 ARTICULUS
1325 453 1368 508 Ι.
2031 467 2088 513 68

360 600 556 642 UTRUM
595 601 770 642 ANIMA
811 602 1031 643 CHRISTI
1072 603 1571 644 COMPREHENDERIT
1610 606 1848 658 VERBUM,

731 686 849 724 SIVE
888 686 1124 726 DIVINAM
1162 686 1483 726 ESSENTIAM.

241 809 296 871 (3.
323 811 436 857 Dist.
462 824 530 869 14.
554 815 635 856 art.
661 824 701 856 2.
728 825 767 870 q.
794 827 829 856 1.
856 816 893 856 et
911 825 952 856 2.
979 817 1016 856 et
1049 811 1159 856 Veri.
1185 826 1224 871 q.
1251 825 1322 857 20.
1348 817 1431 857 art.
1457 825 1500 869 4.
1527 818 1566 856 et
1580 826 1618 870 5.
1645 818 1681 857 et
1705 828 1743 871 q.
1766 827 1806 858 2.
1833 818 1914 858 art.
1941 828 1976 859 r.

614 884 651 923 et
675 886 812 939 opusc.
838 893 878 924 2.
905 886 995 939 cap.
1021 878 1117 925 216.
1143 885 1179 923 et
1213 879 1321 923 Tim.
1345 878 1387 924 6.
1415 879 1502 923 lect.
1522 880 1597 938 3.).

217 1005 294 1051 AD
321 1018 510 1051 PRIMUM
536 1005 600 1050 sic
627 1005 900 1066 proceditur.
922 1005 1127 1061 Videtur,
1154 1006 1276 1066 quod
1303 1005 1457 1051 anima
1479 1004 1654 1050 Christi
1680 1005 2093 1063 comprehenderit,

49 1069 69 1126 ᾖ,
125 1070 173 1119 e't
196 1072 556 1132 comprehendat
571 1072 790 1128 Verbum,
809 1073 904 1117 sive
922 1073 1124 1117 divinam
1142 1073 1412 1118 essentiam:
1441 1073 1549 1117 dicit
1575 1072 1699 1116 enim
1713 1071 1927 1117 ‘Isidorus
1946 1074 2038 1130 (lib.
2056 1091 2091 1120 r.

43 1143 94 1204 'ss
123 1136 172 1187 de
201 1140 372 1186 Summo
405 1141 511 1187 bono
543 1147 636 1200 cap.
662 1140 743 1200 3.),
770 1140 892 1199 quod
928 1141 1116 1186 Trinitas
1146 1142 1226 1186 sibi
1254 1141 1332 1185 soli
1363 1146 1462 1185 nota
1487 1146 1559 1194 est,
1592 1145 1627 1184 et
1659 1140 1820 1184 homini
1851 1148 2087 1200 assumpto,·

50 1220 71 1274 ᾗ]
123 1206 262 1268 igitur
283 1206 431 1252 homo
458 1216 715 1266 assumptus
743 1207 1059 1252 communicat
1085 1222 1191 1252 cum
1216 1217 1372 1252 sancta
1396 1206 1621 1251 Trinitate
1647 1206 1694 1250 in
1721 1206 1798 1251 illa
1819 1207 1982 1252 notitia
2004 1209 2088 1263 sui,

123 1288 241 1335 quae
267 1283 334 1319 est
358 1283 543 1319 sanctae
571 1273 785 1319 Trinitati
810 1274 1017 1334 propria:
1045 1275 1311 1333 hujusmodi
1337 1284 1490 1319 autem
1518 1284 1586 1319 est
1607 1274 1770 1318 notitia
1793 1275 2092 1334 comprehen-

121 1341 293 1402 sionisj,
315 1355 427 1402 ergo
453 1341 608 1391 anima
634 1341 808 1386 Christi
834 1341 1184 1400 comprehendit
1210 1341 1413 1386 divinam
1439 1340 1700 1387 essentiam.

78 1419 82 1422 ’
205 1421 247 1454 2.
271 1408 571 1455 Pus-rem.
595 1408 744 1468 Magis
777 1418 846 1454 est
870 1409 988 1453 uniri
1014 1410 1117 1454 Deo
1142 1409 1397 1454 secundum
1429 1423 1528 1454 esse
1558 1407 1816 1468 personale,
1849 1423 1990 1468 quam
2023 1423 2089 1454 se·

55 1473 79 1530 ’.χ
122 1475 325 1522 cundum
349 1475 598 1520 visionem:
626 1475 720 1530 sed,
747 1477 863 1520 sicut
889 1476 1207 1521 Damascenus
1233 1476 1343 1520 dicit
1366 1476 1415 1520 in
1445 1491 1482 1535 3.
1509 1474 1584 1520 lib.
1612 1476 1762 1534 (Orth.
1787 1476 1881 1520 Fid.
1909 1484 1999 1536 cap.
2024 1477 2086 1535 6.)

125 1551 270 1589 artata
293 1540 504 1590 divinitas
529 1542 576 1587 in
601 1557 693 1587 una
713 1557 1014 1603 personarum
1042 1553 1111 1588 est
1134 1543 1259 1588 unita
1276 1543 1508 1588 humanae
1539 1552 1729 1587 naturae
1754 1542 1802 1587 in
1829 1542 2018 1589 Christo
2041 1560 2091 1600 »3

122 1609 271 1655 multo
291 1623 403 1670 ergo
425 1609 574 1669 magis
595 1618 693 1655 tota
712 1620 875 1655 natura
896 1610 1051 1654 divina
1070 1610 1250 1655 videtur
1271 1611 1325 1655 ab
1350 1612 1504 1655 anima
1527 1609 1725 1665 Christi3
1748 1619 1794 1655 et
1813 1610 1876 1655 ita
1897 1611 2091 1666 videtur,

73 1683 84 1727 f,
123 1676 247 1738 quod
273 1677 426 1722 anima
453 1676 626 1722 Christi
652 1677 1053 1736 comprehenderit
1078 1677 1280 1722 divinam
1307 1677 1567 1722 essentiam.

216 1758 255 1804 3.
280 1744 580 1791 PRAETEREA.
606 1744 725 1789 Illud
752 1745 875 1804 quod
903 1745 1116 1789 convenit
1140 1744 1256 1789 Filio
1283 1744 1372 1790 Dei
1397 1758 1478 1803 per
1502 1754 1728 1798 naturam,
1755 1743 1971 1789 convenit
1996 1743 2091 1789 filio

122 1811 328 1858 homiuis
358 1825 440 1872 per
470 1811 680 1872 gratiam,
707 1821 758 1856 ut
781 1812 975 1871 August.
1010 1811 1119 1856 dicit
1144 1812 1190 1855 in
1222 1825 1258 1856 1.
1287 1813 1342 1856 de
1376 1810 1539 1856 Trinit.
1569 1811 1747 1871 (implic.
1773 1820 1864 1872 cap.
1889 1811 1987 1871 ι3.).·
2013 1811 2093 1856 secl

56 1875 75 1930 {Ii
124 1879 515 1940 comprehendere
533 1878 735 1924 divinam
758 1879 1002 1924 essentiam
1025 1879 1245 1938 competit
1259 1878 1375 1923 Filio
1393 1878 1483 1923 Dei
1508 1893 1587 1938 per
1612 1888 1845 1933 naturam3
1869 1893 1979 1938 ergo
1997 1878 2092 1923 filio

2 1952 4 1976 ⁵
123 1946 325 1994 hominis
352 1946 574 2007 competit
599 1961 678 2006 per
704 1946 922 2005 gratiam3
956 1956 1001 1991 et
1031 1946 1095 1990 ita
1120 1946 1311 2000 videtur,
1338 1946 1462 2006 quod
1496 1945 1648 1990 anima
1676 1945 1850 1991 Christi
1881 1960 1962 2004 per
1994 1948 2107 2005 gra-'

122 2014 234 2061 tiam
259 2013 466 2059 Verbum
492 2013 905 2073 comprehenderit.

86 2120 95 2131 ,,
213 2081 309 2127 SED
334 2094 532 2127 CONTRA
549 2092 629 2135 est,
647 2081 770 2141 quod
786 2081 980 2140 August.
999 2080 1108 2125 dicit
1124 2080 1170 2124 in
1187 2079 1262 2124 lib.
1281 2080 1352 2139 83.
1374 2079 1486 2133 QQ.
1511 2080 1571 2139 (q.
1590 2081 1695 2138 14),
1722 2080 1885 2139 «quod
1904 2094 1951 2124 se
1970 2093 2093 2124 com-

122 2148 374 2211 prehendit,
391 2148 569 2193 finitum
588 2158 655 2193 est
675 2148 799 2192 sibi»
821 2165 830 2193 :
854 2148 932 2192 sed
951 2148 1146 2192 essentia
1162 2147 1314 2191 divina
1335 2162 1431 2192 non
1449 2157 1517 2192 est
1533 2147 1659 2191 finita
1681 2147 1728 2191 in
1748 2147 2094 2206 comparatione

66 2214 180 2269 aad
205 2216 407 2261 animam
434 2215 620 2271 Christi,
647 2230 754 2260 cum
779 2216 826 2260 in
851 2215 1079 2260 infinitum
1106 2229 1210 2259 eam
1236 2215 1445 2269 excedat3
1473 2229 1584 2274 ergo
1613 2215 1767 2259 anima
1795 2214 1968 2259 Christi
1994 2228 2089 2259 non

66 2285 100 2342 „ss
112 2283 474 2343 2wn'1prehendit
498 2283 717 2327 Verbum.

165 2349 502 2396 *Rtsrounto
526 2349 787 2404 dicendum,
809 2350 948 2409 quod,
969 2349 1088 2394 sicut
1112 2363 1166 2394 ex
1192 2364 1327 2409 supra
1354 2349 1486 2394 dictis
1512 2359 1636 2408 patet
1661 2351 1718 2408 (q.
1737 2364 1777 2395 2.
1796 2355 1876 2394 art.
1895 2365 1930 2394 Ι.
1954 2355 1992 2394 et
2008 2348 2092 2407 6),

124 2416 190 2464 sic
228 2416 350 2462 facta
391 2427 460 2462 est
499 2417 609 2461 unio
650 2426 918 2461 naturarum
948 2417 996 2460 in
1027 2431 1223 2476 persona
1257 2416 1444 2471 Christi,
1478 2416 1601 2476 quod
1643 2426 1798 2460 tamen
1840 2418 2093 2475 proprietas

68 2481 356 2544 {minisque
375 2494 565 2530 naturae
590 2483 830 2529 inconfusa
856 2484 1180 2561 permanserit3
1207 2484 1269 2528 ita
1296 2483 1471 2528 scilicet
1496 2484 1619 2543 quod
1650 2499 1673 2524 «
1695 2484 1950 2528 increatum
1967 2497 2091 2527 man-

127 2551 235 2605 serit
273 2552 543 2606 increatum,
580 2561 625 2597 et
661 2561 865 2598 creatum
898 2550 1118 2596 manserit
1157 2551 1275 2595 intra
1308 2550 1476 2596 limites
1510 2560 1742 2595 creaturae
1770 2567 1812 2606 »,
1845 2551 1962 2595 sicut
2000 2551 2095 2594 Da-

75 2615 368 2668 j³1t=tlsttenus
393 2618 503 2664 dicit
529 2618 625 2675 (lib.
646 2633 683 2679 3.
714 2619 837 2664 Orth.
860 2617 954 2663 Fid.
982 2626 1075 2678 cap.
1097 2633 1133 2678 3.
1161 2618 1216 2663 ad
1230 2620 1311 2678 fin.
1338 2624 1376 2663 et
1400 2626 1491 2677 cap.
1516 2619 1606 2675 4.).·
1641 2627 1709 2662 est
1741 2628 1894 2662 autem
1926 2618 2096 2676 impos-

84 2682 272 2747 sgdbile,
303 2685 426 2746 quod
458 2686 611 2746 aliqua
644 2695 850 2730 creatura
882 2685 1244 2745 comprehendat
1275 2686 1477 2730 divinam
1510 2685 1769 2740 essentiam,
1806 2686 1925 2730 sicut
1962 2685 2010 2729 in
2057 2699 2119 2729 1.-

83 2747 365 2801 ostensum
392 2763 460 2798 est
483 2754 545 2813 (q.
572 2768 635 2799 12.
662 2760 745 2799 art.
772 2770 807 2799 r.
834 2767 875 2811 4.
899 2759 935 2798 et
961 2754 1038 2812 7),
1062 2767 1119 2797 eo
1146 2752 1270 2812 quod
1300 2753 1529 2797 infinitum
1559 2767 1654 2797 non
1689 2753 2093 2812 comprehenditur

81 2827 105 2877 ,ξ
128 2831 180 2866 α
175 2819 338 2876 fmit03
365 2830 412 2866 et
435 2820 540 2865 ideo
573 2820 832 2877 dicendum,
865 2821 987 2880 quod
1021 2820 1174 2865 anima
1207 2819 1379 2866 Christi
1409 2819 1537 2865 nullo
1569 2820 1724 2873 modo
1746 2819 2095 2880 comprehendit

76 2928 105 2949 „4
129 2885 331 2937 &inam
355 2887 614 2933 essentiam.

0 3006 3 3018 .
83 2956 165 3018 ζ’
179 2953 293 3001 AD
312 2966 503 3001 numm
529 2969 640 3014 ergo
668 2954 930 3010 dicendum,
957 2954 1080 3015 quod
1105 2954 1252 2999 homo
1280 2964 1537 3015 assumptus
1561 2953 1877 2999 conformatur
1901 2953 1977 3012 [al.
2002 2967 2098 2998 con·

0 3025 2 3031 “
29 3078 42 3085 Δ,
77 3022 390 3083 zſjnmeratur]
418 3023 598 3067 divinae
625 3020 840 3066 Trinitati
864 3022 910 3066 in
938 3022 1008 3067 sui
1031 3021 1310 3081 cognitione,
1331 3036 1426 3067 non
1449 3022 1626 3067 ratione
1650 3020 2090 3082 comprehensionis,

0 3095 5 3151 ᾗ.
75 3083 407 3148 {subatione
433 3089 669 3148 cujusdam
696 3088 1106 3134 excellentissimae
1132 3089 1408 3147 cognitionis
1433 3103 1539 3149 prae
1567 3090 1756 3134 caeteris
1784 3088 2013 3133 creaturis.

81 3147 111 3173 ⁹³
159 3154 295 3201 ·“·AD
325 3168 586 3202 SECUNDUM
612 3156 870 3212 dicendum,
898 3156 1021 3216 quod
1047 3171 1131 3200 nec
1160 3156 1296 3201 etiam
1322 3157 1368 3200 in
1395 3157 1581 3211 unione,
1605 3171 1722 3215 quae
1749 3166 1815 3200 est
1841 3153 2093 3200 secundum

79 3266 81 3268 ,
130 3230 229 3267 ωε
249 3222 506 3283 personale,
531 3232 693 3268 natura
717 3223 921 3268 humana
949 3223 1296 3282 comprehendit
1320 3224 1411 3268 Dei
1432 3224 1651 3277 Verbum,
1678 3223 1772 3267 sive
1799 3231 2008 3265 naturam
2032 3221 2094 3264 di-

66 3290 111 3353 ,J
130 3287 301 3344 viltam,
327 3303 444 3349 quae
469 3290 676 3350 quamvis
701 3300 799 3335 tota
824 3291 950 3335 unita
972 3289 1108 3335 fuerit
1128 3290 1359 3335 humanae
1381 3300 1568 3334 naturae
1590 3291 1635 3334 in
1661 3303 1750 3333 una
1773 3301 1967 3347 persona
1992 3286 2092 3331 filii:

68 3361 102 3396 ἶ
132 3366 227 3401 non
250 3363 405 3400 tamen
429 3355 514 3401 fuit
537 3366 635 3401 tota
659 3357 800 3401 virtus
823 3357 1067 3401 divinitatis
1090 3357 1143 3401 ab
1166 3358 1369 3400 humana
1391 3367 1551 3401 natura
1575 3356 1703 3414 quasi
1725 3354 2090 3413 circumscripta3

27 3417 28 3420 ’
130 3421 251 3467 unde
275 3422 468 3481 August.
493 3422 639 3467 dicit·
628 3437 675 3467 m
701 3424 828 3482 epist.
858 3423 910 3483 (3.
927 3439 1037 3468 nunc
1055 3424 1161 3483 136.)
1187 3424 1242 3467 ad
1261 3423 1435 3468 Volus.:
1467 3440 1490 3464 ι(
1514 3423 1640 3466 Scire
1667 3432 1710 3465 te
1736 3421 1861 3475 volo,
1880 3434 1975 3464 non
2002 3421 2093 3465 hoc

134 3485 426 3533 christianam
459 3488 627 3533 habere
664 3490 934 3544 doctrinam,
970 3490 1093 3548 quod
1130 3490 1192 3533 ita
1228 3491 1354 3534 Deus
1381 3489 1554 3533 infusus
1590 3489 1646 3532 sit
1679 3490 1817 3541 carni,
1850 3497 1899 3531 ut
1937 3501 2095 3531 curam

56 3566 101 3614 32³
132 3553 452 3611 gubernandae
477 3555 780 3599 universitatis
807 3555 881 3600 vel
905 3555 1167 3608 deseruerit,
1193 3555 1267 3599 vel
1293 3556 1507 3608 amiserit,
1533 3554 1606 3597 vel
1634 3555 1688 3598 ad
1716 3553 1826 3597 illud
1855 3568 2098 3613 corpuscu-

30 3654 99 3683 ,Γ
96 3616 231 3664 lum
251 3620 381 3681 quasi
402 3618 700 3675 contractam,
724 3621 1060 3682 collectamque
1081 3621 1360 3666 transtulerit
1380 3637 1429 3676 »;
1453 3631 1496 3666 et
1518 3619 1726 3666 similiter
1749 3621 1901 3666 anima
1925 3620 2096 3672 Christi
