2352 3926
308 213 418 284 3'84
809 227 1085 274 QUAESTIO
1113 229 1270 268 ‘xrvr
1314 203 1622 270 Anrtcutus
1661 232 1718 270 11.

305 330 512 385 liberare,
545 344 682 390 quam
719 344 799 389 per
835 331 1111 390 passionem·
1131 331 1334 377 Christi:
1374 333 1481 392 quia
1506 348 1596 377 non
1627 339 1684 379 est
1712 335 2102 395 impossibilenapmd
2127 336 2274 381 >Deum

306 413 424 443 omne
440 400 630 452 verbum,
654 407 704 442 ut
735 398 898 442 dicitur
923 398 1034 443 Luc.
1067 412 1102 444 r.
1133 399 1223 443 Sed
1247 414 1301 444 ex
1328 398 1479 459 aliqua
1503 401 1818 459 suppositione
1844 401 1980 456 facta,
2004 401 2276 463 fuitimpos·

304 465 456 510 sibile:
485 466 589 524 quia
617 465 740 509 enim
765 465 1048 523 impossibile
1072 476 1153 520 est,
1170 467 1260 510 Dei
1277 467 1628 526 praescientiam
1653 467 1764 522 falli,
1782 468 2272 526 eteius-voluntatem,

304 546 384 577 seu
417 533 765 591 dispositionem
793 534 975 588 cassari,
1007 535 1241 593 supposita
1267 535 1580 594 praescientia,
1607 545 1652 579 et
1676 535 2075 594 praeordinatione
2100 537 2190 581 Dei
2217 537 2274 582 de

304 600 516 658 passione
545 600 730 654 Christi,
757 614 851 643 non
880 611 977 645 erat
1002 600 1138 645 simul
1163 601 1381 660 possibile
1415 602 1653 646 Christum
1679 616 1774 645 non
1799 602 1908 660 pati,
1932 603 2008 646 vel
2032 603 2275 648 hominem

305 667 394 710 alio
423 667 564 710 modo
593 681 730 726 quarn
758 682 838 726 per
863 669 960 725 ejus
986 668 1250 727 passionem
1276 668 1478 712 liberari:
1508 679 1553 713 et
1579 679 1646 712 est
1673 669 1836 713 eadem
1854 669 2044 714 ratiotde
2061 671 2282 715 omnibus

303 734 388 788 his,
416 748 531 792 quae
557 744 662 778 sunt
687 735 925 792 praescita,
959 745 1003 780 et
1029 736 1346 795 praeordinata
1373 751 1398 780 a
1431 737 1550 790 Deo,
1584 746 1633 779 ut
1662 736 1709 779 in
1735 736 1884 795 prima
1909 743 2035 794 parte
2067 737 2277 782 habitum

304 811 373 846 est
400 802 456 860 (q.
484 815 549 859 14.
577 809 660 847 art.
690 804 779 861 13).

393 868 469 913 An
501 882 690 914 PRIMUM
717 883 828 928 ergo
857 870 1117 924 dicendum,
1146 870 1267 928 quod
1299 871 1529 914 Dominus
1562 870 1624 914 ibi
1650 870 1864 929 loquitur,
1898 870 2278 930 supposita-prae-

303 936 507 990 scientia,
535 946 579 980 et
604 937 1002 995 praeordinatione
1028 938 1131 991 Dei,
1159 939 1412 981 secundum
1441 953 1580 997 quarn
1603 947 1698 981 erat
1724 938 2001 993 ordinatum,
2027 949 2079 983 ut
2100 937 2276 984 *fructus

302 1004 532 1048 humanae
559 1004 716 1048 salutis
742 1019 836 1048 non
863 1015 1138 1063 sequeretur,
1165 1005 1253 1048 nisi
1280 1005 1466 1049 Christo
1494 1006 1705 1064 patiente.

393 1071 447 1114 Et
472 1071 679 1115 similiter
704 1071 1051 1130 int-elligendum
1078 1082 1159 1126 est,
1187 1072 1310 1130 quod
1335 1085 1555 1116 SECUNDO
1590 1073 1828 1130 objicitur:
1856 1073 1902 1117 Si
1933 1083 2018 1117 non
2047 1079 2183 1133 potest
2209 1073 2274 1117 hic

303 1139 416 1198 calix
442 1141 635 1193 transire,
662 1141 750 1183 nisi
770 1141 910 1183 bibam
936 1139 1072 1193 illum,
1112 1139 1287 1183 scilicet
1322 1150 1504 1198 propter
1540 1140 1631 1183 hoc
1666 1139 1789 1198 quod
1825 1148 1875 1183 tu
1910 1141 1975 1184 ita
2000 1139 2274 1199 disposuisti,

305 1206 426 1251 unde
458 1206 635 1250 subdit:
669 1206 773 1251 Fiat
803 1207 999 1251 voluntas
1025 1213 1110 1251 tua.

392 1274 469 1318 AD
498 1287 715 1319 TERTIUM
749 1274 1008 1328 dicendum,
1041 1274 1165 1332 quod
1196 1274 1312 1317 haec
1341 1273 1480 1317 etiam
1505 1273 1675 1331 justitia
1700 1273 1924 1333 dependet
1953 1288 2010 1318 ex
2038 1273 2274 1320 voluntate

303 1342 472 1396 divina,
499 1342 552 1385 ab
586 1342 792 1385 humano
822 1355 988 1400 genere
1015 1340 1376 1385 satisfactionem
1400 1341 1607 1399 exigente
1635 1355 1717 1399 pro
1744 1350 1966 1399 peccato:
1991 1355 2102 1385 nam
2127 1342 2167 1386 si
2196 1356 2275 1386 vo-

300 1409 460 1453 luisset
485 1409 655 1467 absque
689 1409 817 1452 omni
843 1407 1153 1452 satisfactione
1179 1407 1424 1451 hominem
1451 1421 1476 1450 a
1508 1408 1699 1466 peccato
1725 1406 1931 1462 liberare,
1964 1418 2123 1453 contra
2147 1409 2276 1468 Justi-

300 1477 412 1520 tiam
437 1490 533 1520 non
550 1476 752 1533 fecissetj:
779 1475 857 1520 ille
876 1475 999 1519 enirn
1016 1476 1152 1534 judex
1177 1489 1272 1518 non
1299 1485 1450 1533 potest
1471 1474 1596 1518 salva
1621 1474 1792 1533 justitia
1811 1474 1995 1533 culpam
2011 1475 2110 1520 sine
2125 1489 2276 1534 poena

301 1544 542 1597 dimittere,
569 1543 647 1602 qui
671 1543 810 1586 habet
834 1542 994 1600 punire
1021 1542 1205 1600 culpam
1233 1543 1279 1585 in
1306 1541 1447 1585 alium
1475 1541 1792 1596 commissam,
1819 1552 1928 1601 puta
1963 1541 2037 1587 vel
2061 1542 2110 1587 in
2134 1540 2274 1587 alium
2317 1540 2322 1546 ’

300 1611 557 1666 hominem,
594 1609 669 1654 vel
710 1611 756 1653 in
788 1619 936 1654 totam
968 1609 1315 1668 rempublicam,
1348 1609 1443 1653 sive
1488 1610 1535 1653 in
1567 1611 1851 1668 superiorem
1883 1609 2164 1669 principem:
2196 1611 2275 1656 sed

299 1680 426 1723 Deus
452 1693 548 1722 non
579 1678 719 1721 habet
750 1676 951 1736 aliquem
983 1677 1284 1736 superiorem,
1308 1677 1387 1721 sed
1419 1678 1514 1735 ipse
1548 1687 1615 1721 est
1647 1691 1928 1736 supremum,
1955 1687 2000 1722 et
2026 1691 2275 1723 commune

302 1748 476 1791 bonum
503 1746 643 1791 totius
677 1745 889 1789 universi.
924 1745 978 1789 Et
1012 1745 1116 1789 ideo
1150 1745 1188 1789 si
1220 1745 1418 1788 dimittat
1448 1751 1706 1803 peccatum,
1733 1745 1854 1803 quod
1880 1744 2020 1789 habet
2049 1745 2276 1790 rationem

302 1814 478 1874 culpae,
506 1828 560 1857 ex
587 1823 643 1857 eo
670 1813 794 1872 quod
821 1822 981 1856 contra
1007 1813 1158 1871 ipsum
1186 1812 1503 1866 committitur,
1529 1811 1644 1856 nulli
1659 1811 1767 1857 facit
1784 1812 2023 1871 injuriam:
2048 1813 2276 1872 sicut'qui-

302 1895 499 1940 cumque
525 1881 671 1924 homo
698 1880 886 1924 remittit
912 1879 1137 1929 offensam
1163 1880 1210 1923 in
1237 1894 1285 1923 se
1313 1880 1613 1924 commissam
1647 1881 1815 1938 absque
1841 1879 2164 1935 satisfactione,
2187 1881 2274 1924 mi-

300 1949 601 2002 sericorditer,
629 1958 674 1992 et
695 1960 790 1992 non
811 1948 976 2006 injuste
1004 1948 1124 2006 agit:
1154 1958 1198 1992 et
1223 1948 1327 1992 ideo
1350 1948 1500 1991 David
1523 1947 1890 1991 misericordiam
1914 1957 2073 2007 petens
2094 1948 2277 1993 dicebat

302 2016 554 2075 (Psal.50.):
581 2016 677 2060 Tibi
692 2016 768 2059 soli
780 2017 965 2074 peccavi,
987 2015 1112 2074 quasi
1132 2015 1275 2059 dicat:
1306 2032 1329 2056 «
1347 2016 1485 2059 Potes
1502 2016 1598 2059 sine
1617 2015 1836 2072 injustitia
1852 2012 1968 2058 mihi
1985 2015 2214 2060 dimittere
2230 2030 2272 2059 »ς

389 2084 465 2127 AD
493 2096 730 2133 QUARTUM
757 2084 1017 2136 dicendum,
1047 2083 1169 2141 quod
1196 2083 1308 2126 fides
1334 2083 1552 2136 humana,
1572 2093 1616 2126 et
1639 2083 1777 2126 etiam
1797 2082 2058 2140 Scripturae
2075 2082 2272 2137 divinae,

302 2151 464 2209 quibus
504 2150 616 2194 fides
643 2151 888 2203 instruitur,
916 2151 1169 2194 innituntur
1194 2151 1537 2208 praescientiae,
1572 2160 1617 2194 et
1648 2150 2036 2209 praeordinationi
2067 2150 2272 2194 divinae:

300 2227 346 2262 et
366 2218 470 2261 ideo
498 2218 661 2262 eadem
688 2218 803 2261 ratio
833 2228 900 2262 est
922 2218 977 2261 de
1004 2219 1288 2271 necessitate,
1316 2232 1432 2276 quae
1460 2218 1670 2276 provenit
1686 2232 1740 2262 ex
1762 2218 2075 2277 suppositione
2096 2228 2273 2272 eorum,

300 2294 346 2329 et
368 2284 427 2330 de
452 2285 736 2339 necessitate,
765 2299 880 2344 quae
908 2285 1121 2344 provenit
1146 2299 1200 2329 ex
1227 2287 1540 2344 praescientia,
1569 2295 1614 2329 et
1639 2285 1875 2330 voluntate
1894 2284 2069 2330 divina.

980 2447 1445 2504 ‚ARTICULUS
1481 2447 1583 2502 111.
2067 2454 2090 2518 J
2186 2463 2281 2524 248·

570 2581 765 2622 UTRUM
804 2583 1002 2621 FUERIT
1043 2582 1266 2629 ALIQUIS
1307 2583 1499 2621 MODUS
1542 2575 1998 2622 CONVENIENTIOR

747 2657 821 2694 AD
869 2658 1280 2697 LIBERATIONEM
1315 2657 1533 2696 HUMANI
1578 2657 1826 2708 GENERIS,

844 2732 1002 2778 QUAM
1030 2734 1129 2771 PER
1157 2732 1465 2771 PASSIONEM
1493 2732 1728 2770 CHRISTI.

328 2827 331 2830 ¹
382 2843 437 2902 (3.
464 2842 576 2887 Dist.
603 2842 668 2888 18.
695 2847 776 2886 art.
805 2841 846 2886 6.
874 2856 912 2900 q.
935 2856 971 2901 3.
1001 2849 1113 2901 corp.
1143 2848 1179 2886 et
1205 2843 1314 2886 Dist.
1344 2857 1407 2887 10.
1435 2847 1518 2886 art.
1544 2855 1585 2899 4.
1605 2857 1643 2901 q.
1662 2857 1701 2886 2.
1721 2849 1758 2887 et
1779 2841 1933 2899 Quodl.
1951 2855 1994 2899 4.
2013 2847 2095 2887 art.
2114 2842 2189 2900 2.).

390 2954 466 2999 AD
505 2966 722 2999 TERTmM
757 2954 821 2998 sic
858 2953 1130 3013 proceditur.
1168 2939 1374 3007 Videtur,
1411 2953 1534 3012 quod
1573 2953 1686 2997 alius
1723 2953 1890 2998 modus
1922 2952 2270 2998 convenientior

298 3022 455 3067 fuisset
481 3021 760 3066 liberationis
786 3021 1032 3074 humanae,
1070 3035 1209 3080 quam
1236 3036 1315 3080 per
1342 3021 1606 3079 passionem
1635 3020 1828 3066 Christi:
1869 3028 2031 3066 natura
2067 3019 2192 3065 enim
2222 3019 2270 3064 in
2339 3053 2344 3061 2

298 3105 380 3134 sua
407 3090 674 3149 operatione
700 3088 902 3132 imitatur
929 3102 1043 3147 opus
1070 3089 1289 3142 divinum,
1319 3099 1473 3147 utpote
1503 3103 1527 3131 a
1554 3089 1656 3132 Deo
1689 3098 1831 3143 mota,
1860 3098 1904 3133 et
1934 3086 2160 3147 regulata:
2190 3087 2270 3132 sed

298 3168 460 3202 natura
492 3170 585 3200 non
613 3155 723 3200 facit
747 3170 827 3214 per
853 3155 958 3204 duo,
987 3155 1107 3214 quod
1137 3170 1215 3214 per
1242 3170 1384 3198 unum
1412 3165 1561 3214 potest
1588 3155 1762 3199 facere:
1791 3169 1900 3200 cum
1915 3168 2028 3214 ergo
2045 3155 2172 3199 Deus
2193 3167 2271 3215 po-

297 3225 434 3269 tuerit
459 3224 699 3268 hominem
717 3223 907 3267 liberare
926 3222 1024 3267 sola
1044 3223 1226 3281 propria
1248 3222 1496 3275 voluntate,
1516 3237 1609 3266 non
1628 3223 1806 3267 videtur
1822 3220 2103 3267 conveniens
2116 3219 2271 3276 fuisse,

298 3293 420 3353 quod
449 3292 503 3336 ad
532 3292 849 3335 liberationem
876 3291 1067 3334 humani
1095 3291 1272 3348 generis
1303 3290 1474 3334 Christi
1498 3290 1648 3349 passio
1678 3290 1931 3334 adderetur.

390 3373 428 3403 2.
458 3360 757 3404 PRAETEREA.
778 3358 842 3402 Ea
869 3372 984 3417 quae
1011 3357 1125 3401 fiunt
1161 3372 1239 3415 per
1265 3368 1490 3410 naturam,
1525 3356 1868 3400 convenientius
1894 3354 2022 3410 fiunt,
2049 3368 2187 3415 quam
2214 3367 2269 3399 ea

299 3442 414 3486 quae
432 3427 544 3470 fiunt
570 3441 649 3485 per
674 3426 966 3469 violentiam:
995 3425 1098 3483 quia
1124 3424 1341 3467 violentia
1370 3434 1436 3468 est
1457 3440 1479 3464 α
1500 3424 1725 3482 quaedam
1749 3422 1936 3477 excisio,
1951 3436 2032 3467 seu
2055 3435 2188 3467 casus
2210 3421 2266 3471 ab

299 3509 368 3550 eo,
394 3495 515 3553 quod
543 3504 611 3537 est
636 3493 888 3537 secundum
908 3502 1115 3536 naturam
1136 3508 1176 3544 »,
1196 3502 1243 3534 ut
1270 3491 1431 3534 dicitur
1450 3492 1493 3534 in
1522 3490 1596 3539 lib.
1622 3504 1660 3534 2.
1687 3492 1741 3535 de
1762 3490 1912 3535 Coelo
1930 3492 2029 3547 (tex.
2052 3490 2166 3546 18.),·-
2185 3488 2265 3536 sed

298 3563 449 3621 passio
474 3561 646 3606 Christi
662 3570 861 3605 mortem
883 3559 1134 3603 violentam
1158 3559 1355 3610 induxit3
1383 3573 1492 3616 ergo
1513 3557 1858 3603 convenientius
1873 3557 2045 3612 fuisset,
2065 3566 2118 3601 ut
2136 3555 2268 3601 Chri-

300 3639 393 3673 stus
419 3627 615 3673 naturali
637 3637 786 3672 morte
820 3626 1060 3671 moriendo
1087 3626 1325 3670 hominem
1350 3626 1572 3680 liberaret,
1600 3640 1735 3684 quam
1760 3625 1882 3684 quod
1905 3631 2144 3684 pateretur.
