2352 3926
628 234 907 284 QUAESTIO
947 235 1038 276 XV.
1078 234 1386 277 ARTIcunus
1425 229 1539 274 v'm.
1962 233 2061 289 155

115 347 134 361 “
197 336 491 387 Rnsrounno
513 338 773 394 dicendum,
795 339 918 398 quod
946 338 1186 383 admiratio
1212 337 1392 397 proprie
1418 346 1488 382 est
1511 336 1568 381 de
1594 334 1748 396 aliquo
1772 346 1912 389 novo,
1934 344 1980 379 et
2003 335 2067 379 in-

98 401 270 453 mfflt'o:
295 405 343 450 in
361 406 548 452 Christo
566 416 719 450 autem
743 418 839 450 non
863 414 1043 463 poterat
1067 418 1166 449 esse
1193 404 1361 464 aliquid
1387 418 1576 458 novum,
1597 413 1643 448 et
1667 402 1903 447 insolitum
1929 414 2068 461 quan-

53 481 207 520 ‘tum
232 473 290 517 ad
314 473 553 521 scientiam
570 472 786 527 divinam,
802 486 891 531 qua
913 471 1222 531 cognoscebat
1237 486 1309 515 res
1326 471 1372 515 in
1389 470 1568 516 Verbo:
1592 483 1741 529 neque
1762 470 1902 515 etiam
1929 481 2065 528 quan-

48 543 78 591 j„
99 546 204 587 tum
231 539 289 585 ad
314 540 551 585 scientiam
578 540 845 592 humanam,
871 552 959 598 qua
986 538 1295 596 cognoscebat
1316 552 1388 581 res
1408 552 1488 596 per
1511 539 1684 596 species
1709 536 1895 581 inditas:
1919 534 2068 594 potuit

106 616 262 669 tamen
289 606 457 666 aliquid
483 621 581 652 esse
607 607 691 651 sibi
716 620 905 659 novum,
924 615 969 650 et
985 604 1218 649 insolitum
1243 605 1496 648 secundum
1523 604 1761 649 scientiam
1788 603 2068 662 experimen·

97 673 263 729 malem,
287 674 539 720 secundum
564 689 703 734 quam
719 674 804 719 sibi
825 683 1036 732 poterant
1057 673 1259 732 quotidie
1283 672 1433 731 aliqua
1459 686 1579 716 nova
1602 686 1866 728 occurrere3
1889 681 1936 716 et
1959 671 2064 715 ideo

50 735 68 793 s
97 742 146 787 ini
169 740 413 801 loquamur
438 741 493 786 de
525 741 625 800 ipso
652 750 873 800 quantum
909 740 966 784 ad
996 740 1235 784 scientiam
1272 739 1489 794 divinam,
1523 749 1567 783 et
1593 740 1832 783 scientiam
1867 740 2066 794 beatam,

100 807 182 856 vel
205 809 346 855 etiam
369 807 580 863 infusam,
607 822 702 852 non
727 807 810 853 fuit
834 808 881 852 in
908 807 1094 852 Christo
1123 807 1388 851 admiratio:
1411 809 1448 851 si
1476 817 1629 851 autem
1655 806 1900 866 loquamur
1924 806 1981 851 de
2007 819 2065 851 eo

63 873 67 875 ⁴
106 885 327 937 quantum
353 875 410 920 ad
435 875 673 921 scientiam
699 874 1119 935 experimentalem,
1152 877 1215 919 sic
1249 874 1490 918 admiratio
1517 874 1564 917 in
1597 887 1653 917 eo
1688 887 1786 918 esse
1817 874 1987 933 potuit:
2021 882 2067 918 et

47 958 67 971 “
102 943 353 1002 assumpsit
375 942 498 987 hunc
525 941 741 987 affectum
775 942 829 986 ad
861 952 1067 986 nostram
1107 942 1548 995 instructionem3ut
1572 940 1748 985 scilicet
1773 941 1937 985 doceat
1967 954 2066 985 esse

50 1054 55 1062 ,,
103 1009 381 1066 mirandum,
406 1010 528 1069 quod
556 1010 694 1058 etiam
719 1010 816 1069 ipse
842 1009 1115 1063 mirabatur;
1141 1008 1261 1053 unde
1289 1008 1398 1052 dicit
1422 1008 1617 1067 August.
1643 1008 1690 1051 in
1722 1021 1757 1052 1.
1785 1022 1920 1066 super
1947 1007 2064 1052 Gen.

51 1083 53 1087 “
105 1086 268 1122 contra
296 1077 595 1122 Manichaeos
626 1079 736 1136 (cap.
763 1077 849 1134 8.).·
883 1093 906 1118 «
932 1076 1054 1135 quod
1086 1076 1334 1120 mirabatur
1365 1075 1610 1128 Dominus,
1641 1075 1773 1119 nobis
1806 1074 2066 1119 mirandum

52 1150 59 1192 ἱ
105 1152 206 1191 esse
230 1144 470 1204 significat,
497 1145 657 1204 quibus
685 1145 833 1189 adhuc
863 1158 976 1203 opus
1005 1154 1072 1188 est
1103 1144 1167 1188 sic
1201 1143 1401 1197 moveri3
1429 1156 1590 1187 omnes
1624 1156 1734 1202 ergo
1767 1142 1880 1186 tales
1913 1151 2066 1187 motus

46 1215 65 1273 s
96 1212 202 1272 ‘effus
226 1225 321 1256 non
347 1212 614 1272 perturbatis
641 1212 782 1256 animi
809 1212 937 1271 signa
963 1221 1081 1265 sunt,
1109 1211 1187 1255 sed
1214 1210 1419 1255 docentis
1446 1210 1653 1269 magistri
1684 1226 1725 1254 >›.

51 1273 52 1276 ¹
193 1279 270 1324 An
295 1291 484 1325 Panum
510 1293 620 1338 ergo
646 1279 905 1333 dicendum,
933 1278 1055 1338 quod
1088 1277 1195 1322 licet
1221 1278 1433 1322 Christus
1458 1277 1574 1321 nihil
1604 1277 1863 1336 ignoraret3
1889 1285 2068 1336 poterat

94 1355 260 1395 tamen
285 1346 454 1407 aliquid
477 1347 533 1392 de
553 1360 679 1392 novo
705 1360 947 1392 occurrere
969 1345 1314 1405 experimentali
1339 1346 1435 1404 ejus
1457 1344 1690 1400 scientiae,
1707 1359 1762 1389 ex
1793 1358 1886 1404 quo
1929 1343 2068 1388 admi-

41 1412 61 1453 ·.’
99 1413 220 1459 ratio
242 1424 516 1460 causaretur.

191 1481 271 1527 An
291 1493 551 1527 SECUNDUM
573 1481 832 1537 dicendum,
858 1480 982 1542 quod
1009 1480 1220 1526 Christus
1244 1493 1340 1525 non
1366 1479 1679 1524 admirabatur
1704 1479 1760 1524 de
1785 1477 1875 1524 fide
1901 1478 2068 1524 Centu

43 1580 48 1597 ;
102 1548 245 1594 rionis
261 1562 316 1594 ea
336 1550 527 1604 ratione,
545 1549 669 1610 quod
695 1559 814 1596 esset
833 1563 1004 1609 magna
1029 1557 1251 1609 quantum
1278 1547 1371 1592 ad
1358 1562 1525 1607 ipsum,
1546 1547 1626 1592 sed
1649 1547 1755 1607 quia
1776 1556 1873 1592 erat
1898 1560 2066 1606 magna

102 1626 326 1676 quantum
351 1616 410 1662 ad
434 1616 562 1662 alios.
678 1629 681 1630 ’

38 1683 45 1739 ζ
192 1683 271 1730 AD
292 1696 508 1731 TERTmM
534 1684 795 1739 dicendum,
821 1684 944 1744 quod
969 1685 1066 1743 ipse
1092 1692 1271 1744 poterat
1296 1682 1446 1727 facere
1473 1682 1631 1728 omnia
1657 1681 1910 1727 secundum
1931 1681 2066 1726 virtu-

33 1759 44 1815 J
100 1759 199 1796 tem
222 1751 439 1807 divinam,
459 1752 711 1797 secundum
733 1767 872 1812 quam
889 1753 935 1796 in
953 1766 1009 1797 eo
1032 1751 1271 1796 admiratio
1294 1765 1389 1795 non
1416 1761 1526 1805 erat,
1544 1749 1622 1795 sed
1645 1749 1797 1795 solum
1813 1750 2064 1795 secundum

30 1851 37 1881 3
101 1817 355 1863 humanam
380 1819 620 1875 scientiam
646 1819 1062 1879 experimentalem,
1089 1829 1139 1863 ut
1163 1819 1336 1863 dictum
1362 1827 1430 1863 est
1458 1818 1523 1876 (in
1544 1826 1655 1878 corp.
1679 1819 1796 1877 art).

801 1997 1236 2060 ARTICULUS
1270 1998 1370 2054 IX.
2007 2011 2065 2071 98

608 2134 801 2174 UTRUM
842 2135 898 2174 IN
939 2135 1178 2178 CHRISTO
1219 2135 1418 2173 FUERIT
1459 2134 1567 2173 IRA.

707 2245 760 2305 (3.
786 2247 900 2292 Dist.
926 2260 982 2306 15.
1004 2262 1044 2306 q.
1069 2261 1110 2292 2.
1137 2252 1218 2292 art.
1245 2261 1286 2292 2.
1314 2262 1352 2306 q.
1379 2247 1458 2305 2.).

24 2411 40 2414 „
159 2356 237 2402 AD
261 2355 442 2404 NONUM'
466 2357 530 2403 sic
555 2358 835 2418 proceditur.
848 2359 1054 2415 Videtur,
1081 2359 1204 2420 quod
1230 2360 1277 2405 in
1301 2359 1488 2404 Christo
1510 2371 1604 2402 non
1630 2356 1764 2402 fuerit
1789 2358 1878 2401 ira:
1903 2355 2067 2401 dicitur

43 2435 48 2440 ’
101 2425 226 2469 enim
244 2425 406 2484 Jacobi
431 2438 468 2471 1.
480 2426 593 2471 :Ira
616 2428 706 2471 viri
720 2428 931 2493 justitiam
958 2429 1044 2473 Dei
1068 2443 1151 2472 non
1173 2433 1389 2488 operatur:
1418 2426 1497 2478 sed
1524 2424 1741 2485 quidquid
1762 2423 1878 2469 fuit
1866 2439 1912 2468 m
1937 2424 2067 2469 Chri-

31 2504 49 2557 „j¹
88 2500 188 2547 -πο,
213 2492 274 2536 ad
301 2492 520 2586 justitiam
544 2493 635 2538 Dei
658 2494 896 2553 pertinuit·
922 2496 1008 2555 ipse
1033 2497 1143 2539 enim
1155 2495 1299 2553 factus
1330 2500 1385 2539 est
1405 2495 1523 2538 nobis
1541 2494 1707 2551 justitia
1738 2506 1765 2537 a
1795 2493 1903 2546 Deo,
1931 2500 1979 2536 ut
2005 2491 2066 2536 di-

95 2554 217 2604 citur
245 2572 283 2604 1.
311 2559 421 2605 Cor.
453 2574 499 2605 1.
502 2574 653 2620 3ergo
679 2561 870 2617 videtur,
898 2562 1059 2622 quod
1047 2577 1094 2606 m
1122 2562 1310 2606 Christo
1335 2575 1430 2605 non
1455 2560 1626 2605 fuerit‘
1614 2574 1694 2604 ira.

38 2674 50 2681 μ
118 2638 119 2642 ’
145 2646 147 2649 ·
189 2638 229 2672 2.
249 2626 547 2673 PRAETEREA.
565 2629 636 2672 Ira
662 2629 1001 2674 mansuetudini
1027 2629 1287 2689 opponitur,
1305 2638 1355 2674 ut
1374 2638 1498 2688 patet
1514 2642 1559 2672 m
1576 2639 1618 2683 4.
1637 2626 1839 2671 Ethicor
1861 2630 1971 2687 (cap.
1983 2627 2064 2686 5)

31 2691 56 2727 ⁷?
94 2694 181 2746 sed
207 2693 418 2740 Christus
444 2695 527 2740 fuit
552 2707 839 2752 mansuetus;
866 2711 978 2756 ergo
1003 2698 1051 2741 in
1078 2711 1135 2742 eo
1161 2710 1257 2742 non
1282 2695 1400 2740 fuit'
1387 2710 1468 2740 ira.

22 2824 23 2827 Ἰ
193 2777 231 2822 3.
263 2762 561 2808 PRAETEREA.
591 2764 729 2823 Greg.
764 2764 873 2809 dicit
903 2765 951 2808 in
987 2777 1023 2822 5.
1050 2764 1212 2809 Moral.
1239 2766 1351 2824 (cap.
1373 2763 1463 2823 30.)
1491 2762 1614 2822 quod
1645 2778 1668 2804 «
1693 2762 1759 2806 ira
1792 2775 1871 2820 per
1902 2761 2060 2805 vitium

100 2839 316 2879 excaecat
340 2829 528 2875 oculum
554 2832 743 2877 mentis:
772 2831 839 2875 ira
865 2844 975 2876 vero
1002 2846 1081 2890 per
1106 2830 1257 2875 zelum
1283 2831 1433 2891 ipsum
1459 2830 1608 2874 turbat
1633 2843 1684 2872 »ε
1708 2829 1786 2873 sed
1810 2829 1856 2872 in
1876 2827 2063 2872 Christo

38 2908 59 2959 ᾗ
93 2896 267 2941 mentis
292 2896 452 2943 oculus
470 2911 563 2943 non
580 2896 665 2942 fuit
682 2907 962 2953 excaecatus,
988 2912 1073 2943 nec
1099 2898 1328 2953 turbatus;
1356 2911 1467 2956 ergo
1494 2897 1540 2941 in
1569 2896 1755 2940 Christo
1781 2909 1866 2940 nec
1893 2894 1977 2939 fuit
1998 2895 2064 2939 ira

41 2970 60 3001 .’
100 2974 183 3022 per
205 2963 381 3019 vitium,
407 2978 493 3009 nec
519 2965 586 3010 ira
610 2979 692 3024 per
718 2965 880 3010 zelum.

11 3025 57 3091 L'j
156 3054 157 3057 =
191 3030 287 3076 SED
305 3044 500 3078 CONTRA
519 3041 599 3087 est,
617 3033 739 3092 quod
751 3033 882 3091 Joan.
901 3046 940 3077 2.
960 3032 1016 3077 de
1040 3047 1095 3077 eo
1119 3032 1282 3077 dicitur
1299 3045 1398 3077 esse
1415 3030 1673 3091 impletum,
1691 3030 1813 3090 quod
1831 3030 1876 3073 in
1900 3029 1972 3073 Ps.
1991 3027 2062 3073 68.

101 3094 266 3157 legitur
277 3112 298 3157 :³
314 3098 435 3143 Zelus
459 3099 602 3144 domus
628 3106 721 3144 tuae
747 3100 920 3144 comedit
941 3115 1018 3144 me.

188 3163 477 3211 Responmzo
504 3167 763 3221 dicendum,
791 3168 928 3226 quod,
951 3168 1067 3211 sicut
1091 3167 1137 3210 in
1166 3179 1205 3211 2.
1235 3166 1406 3210 dictum
1435 3176 1502 3211 est
1528 3166 1678 3224 (1-2.q.
1696 3165 1770 3222 46.
1793 3171 1874 3210 art.
1894 3180 1929 3223 3.
1954 3163 2008 3207 ad
2023 3178 2060 3223 3.

95 3235 250 3277 ata-2.
275 3246 315 3291 q.
337 3234 420 3292 158.
440 3240 520 3278 art.
537 3249 572 3279 ι.
593 3248 631 3279 2.
649 3240 686 3279 et
696 3236 771 3294 3.),
789 3235 856 3278 ira
883 3243 950 3279 est
974 3233 1162 3278 effectus
1184 3234 1404 3279 tristitiae:
1427 3247 1481 3277 ex
1506 3233 1684 3277 tristitia
1710 3232 1833 3276 enim
1860 3230 1995 3275 alicui
2018 3229 2067 3274 il-

15 3291 32 3302 *
94 3294 194 3342 lata
219 3300 511 3359 consequitur
534 3300 582 3345 in
608 3314 664 3345 eo
691 3301 812 3345 circa
845 3301 1108 3346 sensitivam
1141 3310 1317 3360 partem
1351 3301 1574 3359 appetitus
1607 3298 1854 3358 repellendi
1887 3297 2062 3342 illatam

11 3386 54 3429 53
102 3361 313 3423 injuriam
337 3365 413 3410 vel
437 3366 536 3420 sibi,
560 3366 635 3411 vel
661 3366 784 3422 aliis3
813 3378 858 3412 et
882 3369 946 3412 sic
973 3368 1040 3412 ira
1067 3377 1131 3412 est
1157 3368 1310 3427 passio
1338 3367 1595 3425 composita
1622 3380 1674 3410 ex
1701 3366 1894 3419 tristitia,
1917 3374 1961 3409 et
1986 3379 2064 3425 ap-

102 3430 245 3489 petitu
267 3431 517 3477 vindictae:
544 3433 716 3478 dictum
743 3444 810 3479 est
836 3445 990 3479 autem
1018 3434 1119 3492 (art.
1149 3435 1190 3479 6.
1219 3436 1307 3493 huj.
1329 3436 1407 3493 q.),
1438 3434 1559 3492 quod
1597 3435 1642 3477 in
1671 3431 1858 3476 Christo
1885 3432 2063 3476 tristitia

12 3510 51 3560 {i
96 3509 203 3542 >asse
225 3497 394 3556 potuit:
423 3499 644 3557 appetitus
671 3500 810 3544 etiam
834 3500 1061 3545 vindictae
1094 3502 1366 3560 quandoque
1400 3511 1466 3544 est
1498 3514 1603 3543 cum
1636 3509 1852 3558 peccato;
1879 3498 2062 3558 quando

6 3566 50 3637 ξ
99 3561 279 3608 seilicet
301 3563 464 3623 aliquis
488 3564 737 3631 vindictam
758 3567 934 3626 quaerit
959 3568 1127 3627 absque
1154 3568 1315 3613 ordine
1341 3566 1554 3611 rationis:
1573 3575 1617 3610 et
1633 3566 1697 3610 sic
1716 3567 1780 3610 ira
1805 3566 1851 3609 in
1875 3564 2061 3611 Christo

105 3642 205 3675 esse
227 3643 323 3676 non
347 3630 521 3691 potuit:
547 3631 808 3691 hujusmodi
843 3634 964 3678 enim
998 3633 1162 3679 dicitur
1200 3634 1267 3678 ira
1307 3648 1387 3693 per
1421 3633 1599 3678 vitium.
1627 3632 1920 3693 Quandoque
1949 3646 2061 3678 vero
