2352 3926
319 210 424 265 442
815 215 821 220 ·
864 210 1142 255 QUAESTIO
1183 210 1274 248 Ln.
1315 198 1624 249 ARTIcU‘Lus
1664 209 1740 248 111.

407 312 482 355 AD
514 323 700 355 PRIMUM
728 323 837 368 ergo
876 309 1133 365 dicendum,
1167 311 1289 370 quod
1317 325 1495 370 corpus,
1523 311 1646 370 quod
1679 321 1787 354 tunc
1816 321 1913 355 erat
1942 311 1988 355 in
2021 307 2280 371 sepulchro,

317 389 411 422 non
445 388 511 422 est
542 392 644 436 pars
675 390 897 434 personae
940 377 1183 432 increatae,
1217 378 1295 422 sed
1327 387 1515 421 naturae
1550 387 1834 436 assumptae3
1866 387 1912 422 et
1942 377 2047 422 ideo
2078 388 2159 437 per
2188 374 2280 420 hoc

317 446 438 504 quod
467 458 631 503 corpus
659 443 831 487 Christi
856 457 950 487 non
977 443 1060 488 fuit
1086 445 1130 489 in
1157 442 1349 498 inferno,
1375 459 1470 488 non
1499 443 1752 488 excluditur
1777 444 1886 502 quin
1916 445 2038 489 totus
2072 442 2282 488 Christus

316 511 462 566 fuerit,
490 513 569 555 sed
597 511 847 554 ostenditur
874 511 996 570 quod
1028 525 1123 556 non
1155 512 1239 556 fuit
1268 512 1331 555 ibi
1361 520 1526 565 totum,
1559 510 1682 570 quod
1714 511 1909 570 pertinet
1939 511 1996 571 ad
2026 506 2282 555 humanam

315 590 539 622 naturam.

405 645 480 689 AD
519 657 781 690 SECUNDUM
810 644 1068 700 dicendum,
1097 645 1219 706 quod
1251 660 1304 690 ex
1338 646 1504 699 anima,
1532 654 1576 688 et
1609 656 1801 704 corpore
1834 640 1969 689 unitis
1996 637 2284 689 constituitur

314 712 513 756 totalitas
540 712 770 755 humanae
794 722 998 766 naturae,
1020 726 1114 756 non
1140 724 1292 757 autem
1318 712 1519 756 totalitas
1542 711 1722 756 divinae
1749 723 1996 770 personae3
2021 716 2065 755 et
2088 711 2193 755 ideo
2215 721 2286 756 so-

316 779 410 823 luta
442 779 611 823 unione
646 781 841 833 animae,
880 789 924 823 et
957 781 1162 856 corpo-ris
1194 794 1274 838 per
1306 789 1520 833 mortem,
1547 779 1766 822 remansit
1795 788 1918 823 totus
1945 771 2171 833 Christus,
2204 777 2283 822 sed

314 860 409 890 non
436 846 655 891 remansit
678 845 880 889 humana
908 855 1069 890 natura
1094 846 1140 890 in
1163 860 1245 891 sua
1271 846 1508 890 totalitate.

406 914 481 957 AD
505 925 722 958 TERTHJM
749 913 1009 968 dicendum,
1043 914 1165 974 quod
1199 928 1395 973 persona
1423 912 1597 958 Christi
1627 921 1695 958 est
1724 922 1821 958 tota
1852 912 1899 957 in
1932 907 2138 972 quolibet
2161 910 2284 967 loco,

317 981 395 1024 sed
421 994 514 1024 non
540 980 754 1035 totaliter,
773 981 877 1040 quia
894 981 1021 1026 nullo
1040 981 1147 1025 loco
1177 981 1583 1035 circumscribitur3
1611 980 1690 1024 sed
1716 994 1800 1024 nec
1828 979 1986 1024 omnia
2016 978 2121 1024 loca
2147 976 2285 1024 simul

318 1058 506 1106 accepta
534 1049 628 1106 ejus
655 1047 1013 1092 immensitatem
1042 1048 1430 1108 comprehendere
1458 1057 1668 1107 possunt:
1697 1047 1953 1106 quinimmo
1980 1043 2076 1106 ipse
2103 1057 2184 1091 sua
2204 1046 2287 1090 irn-

317 1115 558 1159 mensitate
587 1115 743 1158 omnia
771 1115 1143 1192 comprehendit;
1169 1116 1260 1159 hoc
1289 1124 1441 1158 autem
1468 1114 1625 1158 locum
1651 1114 1824 1158 habet
1814 1128 1859 1157 m
1885 1113 1960 1158 his
1969 1126 2100 1174 quae
2127 1125 2286 1190 corpo-

316 1182 482 1236 raliter,
510 1192 554 1226 et
581 1183 967 1241 circumscriptive
993 1193 1097 1226 sunt
1122 1183 1169 1225 in
1195 1182 1316 1236 loco,
1350 1181 1472 1240 quod
1506 1181 1543 1225 si
1574 1191 1723 1225 totum
1750 1180 1807 1225 sit
1839 1179 2019 1234 alicubi,
2045 1179 2160 1225 nihil
2187 1181 2283 1239 ejus

317 1250 374 1294 sit
400 1259 546 1303 extra;
574 1250 651 1293 sed
678 1250 806 1294 hoc
796 1265 841 1293 1n
864 1251 966 1293 Deo
990 1249 1146 1293 locum
1173 1264 1267 1292 non
1293 1249 1453 1292 habet:
1482 1248 1601 1292 unde
1625 1247 1907 1306 Augustinus
1933 1239 2078 1292 dicit
2067 1261 2114 1291 ln
2138 1240 2215 1292 rib.
2246 1261 2284 1304 3.

317 1317 372 1360 de
387 1317 543 1376 Symb.
559 1317 673 1376 (cap.
694 1317 774 1376 7.:)
792 1333 814 1357 ε(
830 1317 939 1360 Non
967 1332 1047 1376 per
1074 1317 1251 1360 diversa
1277 1326 1500 1374 tempora,
1528 1314 1602 1359 vel
1627 1315 1732 1358 loca
1759 1315 1954 1359 dicimus
1972 1313 2139 1374 ubique
2156 1314 2286 1359 Chri-

317 1389 437 1428 stum
465 1398 562 1428 esse
589 1393 754 1438 totum,
787 1394 836 1428 ut
867 1384 1009 1428 modo
1041 1385 1103 1428 ibi
1135 1394 1257 1428 totus
1292 1384 1362 1438 sit,
1396 1393 1439 1427 et
1472 1382 1562 1440 alio
1595 1393 1803 1443 tempore
1837 1380 1945 1427 alibi
1968 1386 2106 1438 totus,
2132 1383 2214 1428 sed*
2236 1393 2287 1428 ut

316 1462 495 1511 semper
521 1451 687 1511 ubique
714 1452 770 1496 sit
794 1462 917 1496 totus
945 1468 984 1497 ».

1011 1626 1446 1684 ARTICULUS
1490 1628 1587 1683 IV.
1977 1695 1980 1697 ¹
2194 1639 2285 1700 289

440 1761 635 1800 UTRUM
674 1761 941 1801 cHR1STUS
974 1762 1227 1809 ALIQUAM
1258 1763 1457 1802 MORAM
1488 1763 1763 1802 TRAXERIT
1803 1763 1860 1803 m
1899 1762 2159 1803 INFERNO.

538 1876 592 1934 (3.
620 1876 732 1920 Dist.
760 1889 827 1920 22.
855 1890 893 1934 q.
920 1890 960 1920 2.
988 1881 1069 1920 art.
1096 1891 1131 1920 1.
1159 1891 1197 1934 q.
1220 1889 1256 1935 3.
1284 1881 1322 1920 et
1348 1879 1486 1935 opusc.'
1512 1873 1584 1920 60.
1618 1882 1707 1934 cap.
1735 1889 1800 1919 21.
1826 1875 1927 1919 circ.
1947 1874 2061 1932 fin).

404 1990 480 2034 AD
509 2002 745 2039 QUARTUM
772 1988 836 2032 sic
862 1988 1134 2047 proceditur.
1153 1987 1358 2042 Videtur,
1377 1986 1499 2046 quod
1518 1985 1727 2030 Christus
1753 1984 1928 2029 nuliam·
1945 1998 2127 2030 moram
2143 1994 2286 2029 traxe·

315 2057 372 2100 rit
396 2057 442 2100 in
468 2056 666 2100 inferno:
687 2055 897 2100 Christus
924 2055 1048 2098 enim
1075 2055 1130 2098 ad
1162 2055 1252 2098 hoc
1284 2054 1329 2097 in
1366 2053 1593 2098 infernum
1622 2052 1871 2107 descendit,
1903 2062 1952 2096 ut
1983 2066 2037 2096 ex
2059 2065 2116 2096 eo
2137 2051 2286 2096 homi-

315 2138 397 2168 nes
423 2123 657 2168 liberaret:
686 2123 764 2166 sed
790 2123 882 2166 hoc
909 2125 1062 2166 statim
1091 2122 1142 2165 ab
1172 2135 1227 2165 eo
1254 2120 1428 2164 factum
1463 2130 1529 2165 est
1554 2121 1601 2164 in
1627 2123 1727 2179 ipso
1754 2133 1838 2163 suo
1866 2119 2114 2164 descensu:
2140 2119 2284 2164 Facile

315 2193 426 2235 enim
452 2197 508 2235 est
532 2193 577 2234 in
600 2196 811 2249 conspecta
838 2191 922 2234 Dei
946 2191 1080 2234 subito
1109 2190 1321 2233 honestare
1346 2196 1592 2248 pauperem,
1627 2197 1676 2232 ut
1708 2186 1872 2231 dicitur
1896 2184 2159 2232 Ecclesiast-
2190 2199 2256 2231 11.
2271 2201 2283 2242 ;

316 2272 425 2317 ergo
453 2258 643 2311 videtur,
671 2257 793 2316 quod
820 2256 994 2300 nullam
1022 2271 1201 2300 moram
1230 2257 1275 2299 in
1302 2255 1480 2300 inferno
1507 2256 1704 2299 traxerit.

407 2338 446 2368 2.
465 2324 762 2369 PRAETEREA
783 2324 1065 2383 Augustinus
1095 2324 1238 2368 dicit
1227 2338 1274 2368 in
1301 2337 1512 2368 sermone
1540 2323 1595 2367 de
1622 2316 1973 2368 Resurrectione
1991 2314 2088 2382 (qui
2106 2321 2167 2368 est
2194 2334 2282 2382 137.

315 2391 362 2436 de
402 2393 542 2452 Temp.
571 2407 598 2436 a
623 2382 714 2436 med
717 2392 766 2450 .),
801 2393 922 2451 quod
954 2408 976 2433 «
1004 2392 1099 2436 sine
1128 2391 1279 2451 aliqua
1306 2405 1436 2435 mora
1470 2391 1525 2435 ad
1559 2390 1803 2450 imperium
1827 2385 2034 2444 Domini,
2061 2398 2114 2434 ac
2140 2389 2284 2435 salva·

314 2460 426 2504 toris
454 2473 615 2503 omnes
641 2458 774 2503 ferrei
801 2459 1020 2503 confracti
1046 2469 1150 2503 sunt
1175 2469 1329 2503 vectes
1356 2475 1409 2514 »3
1433 2459 1551 2502 unde
1579 2473 1630 2502 ex
1658 2466 1855 2517 persona
1882 2456 2153 2521 angelorum
2180 2468 2286 2502 con·

317 2526 636 2571 comitantium
664 2526 900 2570 Christum
935 2527 1118 2570 dicitur:
1156 2526 1303 2571 Tollite
1323 2533 1485 2586 portas,
1500 2527 1725 2585 principes,
1751 2530 1912 2569 vestras
1934 2521 2065 2582 (Psal.
2097 2519 2200 2585 ἠὼ
2227 2523 2285 2569 ad

315 2593 406 2638 hoc
436 2604 588 2638 autem
607 2593 817 2638 Christus
847 2593 953 2637 illuc
983 2594 1229 2647 descendit,
1248 2603 1294 2637 ut
1311 2603 1464 2638 vectes
1489 2591 1654 2636 inferni
1673 2591 2003 2651 confringeret3
2027 2600 2136 2652 ergo
2155 2589 2286 2637 Chri·
2349 2585 2352 2611 ³

318 2671 412 2706 stus
438 2661 484 2704 in
511 2660 688 2705 inferno
716 2660 890 2704 nullam
918 2675 1099 2704 moram
1124 2661 1270 2706 traxit.
1976 2687 1979 2690 Δ
2348 2654 2352 2662 ”

413 2742 449 2787 3.
477 2727 774 2772 PRAETEREA.
804 2728 955 2771 Lucae
984 2740 1052 2786 23.
1087 2729 1263 2782 dicitur,
1302 2728 1423 2787 quod
1450 2727 1679 2772 Dominus
1706 2726 1751 2771 in
1780 2737 1914 2772 cruce
1940 2725 2143 2786 pendens
2175 2724 2285 2771 dixit

318 2794 508 2840 latroni:
537 2794 673 2840 Hodie
695 2810 854 2840 mecum
880 2797 959 2839 eris
986 2797 1028 2838 in
1050 2796 1267 2854 paradiso:
1296 2810 1349 2840 ex
1372 2809 1463 2854 quo
1490 2806 1626 2855 patet,
1649 2793 1771 2854 quod
1790 2794 1956 2839 eodem
1983 2793 2055 2839 die
2074 2791 2283 2839 Christus

316 2861 402 2907 fuit
418 2862 463 2906 in
489 2862 715 2921 paradiso:
734 2876 827 2906 non
847 2872 997 2905 autem
1017 2863 1266 2906 secundum
1287 2876 1466 2922 corpus,
1486 2864 1607 2921 quod
1626 2862 1825 2921 positum
1847 2860 1931 2906 fuit
1946 2861 1993 2907 in
2015 2858 2284 2921 sepulchro;

318 2943 427 2989 ergo
450 2930 702 2974 secundum
730 2930 946 2982 animam,
970 2942 1085 2986 quae
1114 2929 1168 2972 ad
1196 2928 1424 2973 infernum
1449 2930 1767 2974 descenderat:
1792 2938 1837 2974 et
1861 2928 1924 2973 ita
1943 2928 2135 2983 videtur,
2160 2926 2282 2988 quod

318 3011 411 3041 non
435 2997 618 3040 traxerit
643 3010 823 3040 moram
851 2996 896 3038 in
925 2995 1115 3039 inferno.

410 3064 505 3108 SED
544 3076 740 3108 CONTRA
769 3072 850 3116 est,
881 3063 1001 3121 quod
1036 3063 1194 3106 Petrus
1224 3063 1332 3107 dicit
1358 3064 1460 3108 Act.
1490 3076 1554 3107 2·
1546 3064 1721 3121 .Quem
1748 3062 1863 3107 Deus
1886 3062 2116 3117 suscitavit,
2141 3061 2283 3107 solutis

318 3131 532 3176 doloribus
564 3131 736 3191 inferni,
766 3133 891 3189 juxta
924 3129 1031 3188 quod
1062 3131 1312 3188 impossibile
1345 3137 1433 3175 erat
1467 3133 1595 3175 teneri
1627 3131 1746 3174 illum
1779 3130 1831 3175 ab
1857 3142 1922 3183 eo,·
1949 3140 2060 3190 ergo
2091 3126 2283 3184 videtur,

318 3199 438 3258 quod
466 3212 609 3257 usque
637 3198 692 3241 ad
718 3198 884 3241 horam
911 3200 1147 3240 resurrecti
1155 3197 1254 3240 onis
1282 3198 1500 3241 manserit
1525 3198 1571 3241 in
1598 3196 1791 3242 inferno.
2331 3230 2335 3253 ;

407 3265 696 3310 RESPONDEO
718 3264 975 3318 dicendum,
1000 3262 1121 3322 quod
1141 3264 1256 3307 sicut
1284 3263 1508 3318 Christus,
1530 3275 1577 3308 ut
1602 3275 1780 3308 nostras
1802 3272 1976 3323 poenas
2000 3262 2047 3308 in
2073 3276 2122 3308 se
2148 3248 2285 3311 susci·

318 3343 456 3393 peret,
484 3332 631 3376 voluit
657 3345 822 3390 corpus
849 3345 981 3375 suum
1009 3331 1052 3373 in
1078 3330 1321 3389 sepulchro
1349 3331 1480 3389 poni;
1507 3331 1569 3375 ita
1597 3332 1734 3375 etiam
1756 3330 1902 3375 voluit
1924 3330 2125 3375 animam
2151 3332 2282 3376 suam
2328 3359 2332 3361 >

319 3401 373 3444 ad
400 3400 629 3444 infernum
657 3399 951 3453 descendere,
987 3411 1150 3458 corpus
1178 3409 1330 3442 autern
1364 3401 1461 3458 ejus
1495 3399 1662 3443 mansit
1694 3400 1740 3442 in
1773 3397 2016 3459 sepulchro
2049 3408 2129 3458 per
2160 3392 2282 3443 diem
2350 3421 2352 3436 ι

319 3468 562 3526 integrum,
597 3475 641 3512 et
673 3467 783 3511 duas
817 3475 990 3520 noctes,
1025 3465 1079 3509 ad
1114 3465 1508 3542 comprobandum
1536 3466 1774 3511 veritatem
1809 3465 1968 3510 mortis
2000 3472 2130 3511 suae·
2162 3459 2282 3510 uude

320 3534 457 3579 etiam
475 3534 759 3578 tantumdem
780 3532 1054 3578 credendum
1066 3542 1132 3576 est
1146 3532 1346 3576 animam
1366 3532 1461 3590 ejus
1479 3532 1642 3577 fuisse
1633 3548 1678 3577 m
1698 3532 1890 3588 inferno,
1906 3540 1957 3578 ut
1973 3525 2112 3577 simul
2128 3528 2282 3575 aniffin
2313 3574 2317 3580 ἶ

321 3604 418 3661 ejus
445 3603 712 3646 educeretur
739 3601 794 3645 de
821 3599 1013 3654 inferno,
1041 3609 1084 3644 et
1110 3613 1275 3658 corpus
1302 3599 1357 3643 de
1384 3599 1642 3658 sepulchro.
