2352 3926
647 202 927 249 QUAESTIO
967 201 1057 240 XL.
1096 199 1404 241 ARTICULUS
1444 189 1517 239 1v'.
1963 198 2065 253 345

108 304 189 364 sed
204 305 303 366 ipse
318 304 366 348 in
381 303 570 349 sabbato
598 302 772 349 curavit
795 303 1050 357 hominem,
1067 312 1112 347 et
1130 302 1173 347 ei
1189 301 1425 347 mandavit
1443 310 1494 345 ut
1513 299 1695 346 tolleret
1718 298 1892 345 lectum
1913 312 2072 355 suum;

110 385 222 432 ergo
247 371 438 425 videtur,
464 370 588 430 quod
614 385 709 415 non
733 369 869 415 fuerit
893 369 1145 415 secundum
1170 368 1323 428 legem
1346 377 1655 414 conversatus.

129 477 141 483 ..
199 451 241 483 2.
267 438 566 484 PRAETEREA.
592 437 766 482 Eadem
793 437 1002 482 Christus
1029 435 1152 490 fecit,
1185 446 1229 480 et
1260 436 1428 491 docuit,
1454 435 1706 480 secundum
1735 432 1848 479 illud
1874 433 1979 478 Act.
2011 445 2073 476 1.:

110 500 257 566 Coepit
264 506 380 562 Jesus
394 506 555 564 facere,
573 511 610 549 et
631 505 795 549 docere.-
817 504 896 548 sed
922 503 1018 563 ipse
1045 503 1205 546 Matth.
1239 516 1303 560 15.
1332 503 1501 555 docuit,
1529 502 1652 560 quod
1675 516 1793 546 omne
1810 499 1918 560 quod
1939 501 2075 544 intrat

35 606 44 614 .
108 573 156 632 in
178 587 238 626 os,
265 586 348 617 non
375 573 618 630 coinquinat
650 573 883 623 hominem;
911 570 1032 629 quod
1066 579 1134 613 est
1168 580 1325 613 contra
1359 579 1652 628 praeceptum
1684 567 1814 627 legis,
1847 581 1963 627 quae
1995 580 2076 626 per

109 653 254 693 esum,
281 648 327 684 et
357 649 621 684 contactum
653 638 956 698 quorumdam
985 636 1254 680 animalium
1294 636 1473 680 dicebat
1512 636 1751 680 hominem
1783 634 2076 679 immundum

108 705 221 761 fieri,
248 716 296 750 ut
322 716 443 766 patet
469 706 612 751 Levit.
646 717 737 750 11.:
761 718 870 764 ergo
888 704 1080 758 videtur,
1102 703 1225 763 quod
1246 704 1343 762 ipse
1365 718 1460 747 non
1484 702 1620 747 fuerit
1645 703 1898 747 secundum
1923 701 2074 761 legem

110 782 420 818 conversatus.

205 855 243 900 3.
274 836 572 886 Passa-enm.
606 839 736 884 Idem
762 838 982 898 judicium
1007 838 1186 883 videtur
1211 852 1310 882 esse
1336 836 1558 891 facientis,
1583 846 1625 881 et
1652 838 1990 891 consentientis,
2012 850 2077 882 se-

110 907 312 952 cundum
337 905 449 951 illud
475 906 612 951 Rom.
643 921 704 951 1.:
732 907 831 951 Non
861 906 994 952 solum
1025 906 1108 950 illis
1139 907 1212 964 qui
1233 906 1424 965 faciunt,
1456 905 1521 950 sed
1552 911 1589 949 et
1620 907 1692 963 qui
1724 907 1983 950 consentiunt
2003 905 2075 964 fa-

109 975 324 1021 cientibus:
349 974 429 1018 sed
442 973 651 1018 Christus
671 974 902 1018 consensit
927 972 1158 1032 discipulis
1186 973 1277 1017 suis
1299 971 1579 1017 solventibus
1597 971 1776 1031 legem'
1766 987 1812 1016 m
1829 972 1935 1026 hoc,
1953 972 2076 1031 quod

109 1041 297 1087 sabbato
324 1041 472 1100 spicas
497 1041 738 1094 vellebant,
766 1040 1025 1085 excusando
1054 1054 1149 1094 eos,
1176 1050 1226 1084 ut
1249 1040 1441 1084 habetur
1462 1039 1866 1098 Matth.12.;ergo
1883 1039 2075 1093 videtur,

111 1107 235 1168 quod
259 1107 469 1153 Christus
494 1122 589 1162 non
616 1118 911 1152 conversatus
936 1106 1071 1151 fuerit
1096 1108 1349 1152 secundum
1372 1106 1538 1166 legem.

200 1174 297 1220 SED
324 1187 522 1220 CONTRA
549 1186 632 1229 est,
659 1174 781 1234 quod
808 1175 971 1219 dicitur
996 1174 1158 1219 Matth.
1191 1188 1251 1232 5.:
1280 1175 1419 1219 Nolite
1444 1180 1611 1233 putare,
1644 1175 1844 1233 quoniam
1875 1174 1973 1218 veni
2003 1172 2079 1217 sol-

109 1256 207 1287 vere
238 1241 381 1301 legem,
413 1249 488 1306 aut
520 1242 768 1301 prophetas;
803 1242 925 1301 quod
953 1255 1183 1300 exponens
1212 1242 1451 1301 Chrysost.
1487 1242 1615 1299 (hom.
1647 1242 1714 1287 16.
1747 1243 1793 1286 in
1824 1241 1977 1286 Matth.
2004 1241 2080 1284 ali-

15 1349 19 1362 ς
110 1315 255 1368 quant.
272 1324 300 1354 a
315 1309 480 1368 princ.)
507 1309 638 1353 dicit:
669 1325 692 1350 «
720 1309 894 1368 Legem
919 1308 1140 1368 implevit,
1166 1309 1316 1368 primo
1345 1309 1530 1367 quidem
1560 1308 1678 1353 nihil
1701 1307 2078 1367 transgrediendo

7 1375 39 1436 J„
110 1374 346 1435 legalium,
371 1376 574 1421 secundo
599 1375 888 1435 justificando
921 1391 1003 1435 per
1033 1375 1188 1430 fidem,
1215 1375 1339 1436 quod
1364 1376 1438 1420 lex
1463 1390 1542 1435 per
1572 1375 1774 1421 litteram
1802 1375 1954 1420 facere
1985 1388 2081 1420 non

111 1441 294 1487 valebat
316 1460 360 1489 ».

202 1509 492 1556 RESPONDEO
519 1509 780 1565 dicendum,
812 1510 936 1569 quod
964 1510 1173 1556 Christus
1205 1510 1252 1554 in
1286 1510 1498 1556 omnibus
1524 1510 1777 1556 secundum
1811 1509 1926 1570 legis
1952 1522 2080 1570 prae-

113 1587 246 1636 cepta
273 1587 566 1622 conversatus
593 1587 673 1622 est.
700 1578 753 1621 In
779 1578 906 1635 cujus
932 1579 1116 1636 signum
1138 1578 1277 1622 etiarn
1299 1578 1445 1623 voluit
1471 1578 1760 1623 circumcidi:
1789 1577 2079 1622 circumcisio

115 1645 240 1690 enim
267 1654 336 1690 est
361 1645 587 1704 quaedam
612 1645 879 1704 protestatio
906 1644 1020 1704 legis
1051 1645 1329 1704 implendae,
1358 1646 1614 1690 secundum
1638 1645 1750 1690 illud
1778 1644 1880 1691 Gal.
1911 1659 1973 1702 5.:
2009 1645 2082 1690 Te-

111 1713 271 1771 stificor
301 1714 416 1757 omni
446 1713 607 1757 homini
637 1712 955 1758 circumcidenti
983 1728 1038 1768 se,
1071 1715 1271 1771 quoniam
1303 1713 1464 1759 debitor
1485 1719 1539 1758 est
1559 1715 1778 1758 universae
1803 1714 1898 1771 legis
1919 1713 2081 1771 facien-

17 1822 19 1835 Σ
112 1779 188 1824 dae
198 1795 215 1831 ,·
247 1779 393 1824 voluit
425 1789 579 1824 autern
607 1780 816 1824 Christus
849 1779 1102 1824 secundum
1134 1779 1287 1838 legem
1314 1781 1598 1825 conversari:
1620 1782 1765 1840 primo
1799 1779 1998 1839 quidem,
2030 1788 2080 1823 ut

114 1844 267 1905 legem
292 1856 495 1891 veterem
523 1846 814 1905 approbaret:
840 1847 1030 1901 secundo,
1064 1857 1113 1890 ut
1145 1862 1249 1891 eam
1275 1848 1576 1902 observando,
1608 1848 1655 1891 in
1688 1848 1837 1906 seipso
1871 1860 2081 1891 consum-

113 1918 273 1967 maret,
299 1922 344 1957 et
367 1913 644 1967 terminaret,
671 1912 916 1957 ostendens
942 1914 1065 1972 quod
1094 1914 1148 1957 ad
1172 1915 1374 1973 seipsum
1402 1925 1498 1959 erat
1519 1915 1750 1959 ordinata:
1779 1916 1916 1969 tertio,
1944 1923 1994 1958 ut
2009 1913 2080 1971 Ju-

114 1979 239 2024 daeis
271 1981 564 2025 occasionem
597 1979 903 2024 calumniandi
937 1981 1243 2026 subtraheret:
1283 1988 1446 2040 quarto,
1481 1991 1530 2025 ut
1561 1982 1772 2026 homines
1807 1996 1832 2025 a
1863 1982 2079 2025 servitute

15 2039 46 2063 ”
112 2046 230 2109 legis
254 2046 479 2101 liberaret,
504 2047 759 2092 secundum
785 2047 896 2091 illud
917 2047 1019 2092 Gal.
1036 2059 1103 2102 4.;
1123 2049 1244 2093 Misit
1256 2049 1372 2093 Deus
1388 2049 1552 2093 Filium
1567 2064 1688 2093 suum
1701 2049 1867 2108 factum
1886 2049 1960 2093 sub
1983 2048 2079 2107 lege,

22 2122 41 2141 -’
113 2119 162 2160 ut
183 2129 265 2169 cos,
287 2115 360 2173 qui
382 2115 454 2159 sub
481 2114 562 2173 lege
587 2121 722 2168 erant,
746 2115 976 2159 redimeret.

17 2223 21 2226 ,
156 2180 281 2226 AD
295 2194 485 2227 PRIMUM
502 2195 613 2240 ergo
628 2181 888 2236 dicendum,
901 2182 1023 2240 quod
1032 2182 1264 2227 Dominus
1276 2196 1411 2241 super
1425 2183 1517 2226 hoc
1531 2197 1579 2228 se
1593 2193 1778 2228 excusat
1795 2197 1820 2227 a
1836 2193 2083 2242 transgres-

15 2252 43 2299 ἶ
113 2261 244 2307 stone
270 2247 385 2306 legis
411 2249 661 2308 tripliciter:
683 2263 766 2293 uno
799 2250 983 2307 quidem
1009 2250 1146 2304 modo,
1177 2250 1283 2309 quia
1308 2264 1388 2309 per
1419 2260 1717 2309 praeceptum
1744 2251 1799 2295 de
1831 2250 2082 2295 sanctifica-

13 2311 27 2339 ²'·
54 2356 58 2358 ,
113 2315 239 2361 tione
264 2315 438 2360 sabbati
461 2329 558 2360 non
583 2315 866 2360 interdicitur
897 2330 1012 2375 opus
1048 2316 1269 2371 divinum,
1302 2317 1381 2360 sed
1414 2332 1529 2376 opus
1562 2318 1842 2362 humanum:
1872 2318 2082 2377 quamvis

111 2381 239 2429 ,enim
254 2381 381 2427 Deus
399 2382 471 2426 die
488 2383 684 2441 septimo
712 2384 958 2428 cessaverit
974 2398 999 2428 a
1015 2384 1148 2428 novis
1175 2384 1392 2429 creaturis
1415 2384 1695 2440 condendis;
1722 2399 1903 2444 semper
1927 2395 2083 2430 tamen

116 2457 329 2510 operatur
355 2451 401 2493 in
425 2463 578 2493 rerum
606 2451 969 2504 conservatione,
998 2460 1042 2495 et
1067 2450 1421 2510 gubernatione3
1448 2453 1572 2511 quod
1599 2462 1752 2496 autern
1770 2452 1981 2497 Christus
2004 2453 2084 2496 mi·

102 2515 270 2565 *seacula
289 2515 496 2572 faciebat,
523 2527 621 2562 erat
646 2517 795 2576 operis
822 2518 986 2562 divini:
1014 2519 1134 2563 unde
1161 2518 1256 2576 ipse
1291 2519 1400 2563 dicit
1418 2520 1550 2578 Joan.
1581 2532 1639 2575 5.:
1667 2520 1796 2564 Pater
1816 2535 1931 2564 meus
1956 2535 2082 2578 usque

113 2583 235 2640 mdo
266 2590 478 2644 operatur,
501 2590 538 2630 et
563 2599 632 2643 ego
659 2592 826 2644 operor:
851 2585 1022 2630 secundo
1050 2597 1237 2630 excusat
1261 2600 1310 2630 se
1336 2600 1416 2646 per
1441 2587 1547 2640 hoc,
1574 2587 1698 2645 quod
1724 2586 1806 2631 illo
1832 2597 2081 2646 praecepto

79 2695 81 2697 ,
109 2663 211 2713 »non
241 2651 537 2711 prohibentur
569 2665 722 2709 opera,
757 2666 873 2710 quae
906 2662 1011 2697 sunt
1041 2653 1097 2697 de
1128 2653 1399 2698 necessitate
1432 2653 1603 2707 salutis,
1637 2653 1775 2698 etiam
1809 2653 2082 2713 corporalis:

112 2717 236 2778 *mdc
258 2717 357 2778 ipse
380 2718 492 2763 dicit
516 2718 669 2763 Lucae
687 2731 778 2778 13.:
809 2720 1092 2778 Unusquisque
1113 2727 1295 2765 vestrum
1316 2722 1488 2766 sabbato
1511 2735 1596 2764 non
1617 2721 1743 2765 solvit
1774 2722 1921 2766 bovem
1942 2736 2080 2776 suum,

118 2789 192 2830 aut
217 2787 383 2830 asinum
415 2799 442 2829 a
465 2788 695 2845 praesepio,
730 2792 766 2831 et
797 2786 909 2830 ducit
939 2786 1187 2845 adaquare?
1219 2797 1263 2831 et
1303 2786 1416 2831 infra
1461 2799 1690 2846 cap.,14.:
1726 2787 1860 2846 Cujus
1899 2794 2082 2833 vestrum

57 2886 61 2894 „
115 2851 270 2907 mutus,
296 2858 370 2898 aut
401 2854 471 2898 bos
500 2854 544 2896 in
570 2860 747 2912 puteum
773 2853 902 2908 cadet,
934 2860 974 2898 et
994 2869 1076 2898 non
1099 2856 1293 2898 continuo
1315 2855 1504 2899 extrahet
1534 2854 1655 2898 illum
1682 2855 1746 2899 die
1770 2856 1964 2900 sabbati?
1989 2855 2082 2898 Ma-

55 2940 61 2947 <
115 2915 332 2971 nifestum
357 2928 424 2964 est
450 2929 619 2974 autem,
646 2920 769 2979 quod
796 2934 935 2978 opera
961 2920 1305 2975 miraculorum,
1330 2935 1447 2980 quae
1471 2921 1680 2966 Christus
1706 2921 1915 2976 faciebat,
1939 2922 1994 2965 ad
2016 2935 2084 2966 sa-

117 2981 261 3041 lutem
286 2986 504 3044 corporis,
531 2996 576 3031 et
597 2987 779 3031 animae
805 2987 1108 3046 pertinebant:
1137 2989 1274 3041 tertio,
1303 2988 1409 3046 quia
1434 2988 1515 3032 illo
1542 2998 1786 3048 praecepto
1813 3003 1907 3032 non
1930 2988 2082 3047 prohi-

117 3048 280 3094 bentur
303 3065 458 3110 opera,
479 3066 596 3112 quae
621 3054 847 3112 pertinent
873 3054 928 3098 ad
954 3054 1043 3098 Dei
1067 3053 1262 3108 cultum;
1281 3055 1401 3099 unde
1424 3055 1586 3099 dicitur
1610 3055 1771 3100 Matth.
1800 3068 1870 3099 22.
1885 3070 1895 3098 ε
1910 3056 1983 3099 An
1999 3069 2084 3099 non

119 3114 270 3174 legistis
294 3118 341 3165 in
365 3118 462 3177 lege,
489 3121 590 3178 quia
610 3122 788 3165 sabbatis
808 3121 1035 3166 sacerdotes
1056 3123 1100 3165 in
1122 3122 1271 3181 templo
1297 3123 1513 3167 sabbatum
1538 3123 1715 3176 violant,
1742 3128 1778 3166 et
1798 3124 1882 3166 sine
1908 3123 2083 3166 crimine

119 3182 246 3227 sunt?
271 3192 315 3227 et
332 3183 463 3241 Joan.
491 3198 532 3243 7.
565 3186 741 3241 dicitur,
774 3187 896 3246 quod
933 3190 1288 3233 circumcisionem
1320 3191 1471 3248 accipit
1502 3189 1622 3233 homo
1654 3191 1700 3232 in
1736 3190 1904 3233 sabbato
1915 3204 1932 3240 ;
1960 3188 2083 3247 quod

123 3258 278 3292 autem
310 3248 517 3294 Christus
548 3252 798 3312 paralytico
832 3255 1078 3309 mandavit,
1111 3265 1159 3299 ut
1189 3255 1361 3299 lectum
1394 3270 1526 3300 suum
1559 3255 1746 3299 sabbato
1779 3264 1993 3313 portaret,
2027 3254 2082 3299 ad

123 3313 298 3359 cultum
322 3315 411 3360 Dei
437 3318 700 3374 pertinebat,
725 3319 841 3365 idest
872 3321 928 3365 ad
960 3321 1143 3366 laudern
1176 3322 1352 3366 virtutis
1385 3322 1589 3376 divinae;
1617 3331 1661 3365 et
1692 3321 1756 3365 sic
1789 3331 1927 3378 patet,
1959 3321 2080 3380 quod

123 3380 361 3426 sabbatum
391 3396 485 3426 non
516 3382 741 3440 solvebat3
775 3388 982 3444 quamvis
1022 3388 1112 3432 hoc
1155 3389 1197 3432 ci
1230 3389 1390 3451 Judaei
1420 3388 1536 3432 falso
1570 3388 1832 3445 objicerent,
1865 3387 2082 3442 dicentes,

63 3445 248 3506 Joan.
276 3460 341 3506 9.:
361 3448 459 3494 Non
489 3456 545 3494 est
574 3450 640 3494 hic
672 3451 792 3496 homo
818 3465 845 3496 a
865 3454 973 3508 Deo,
998 3456 1070 3512 qui
1093 3457 1313 3499 sabbatum
1344 3469 1427 3498 non
1453 3454 1635 3498 custodit.

212 3515 289 3559 An
314 3527 575 3561 SECUNDUM
606 3516 866 3573 dicendum,
898 3521 1019 3578 quod
1047 3521 1255 3566 Christus
1287 3522 1432 3565 voluit
1454 3520 1692 3565 ostendere
1718 3534 1797 3579 per
1822 3519 1901 3565 illa
1925 3521 2080 3576 verba,

125 3580 249 3640 quod
273 3579 419 3627 homo
458 3596 553 3627 non
593 3583 793 3630 redditur
822 3585 1100 3643 immundus,
1131 3588 1383 3633 secundum
1418 3587 1635 3641 animam,
1667 3600 1720 3631 ex
1752 3601 1834 3632 usu
1872 3588 2080 3634 ciborum

12 3127 61 3766 fflffwwfflmwfflffuavff
14 3088 34 3097 ·-
15 3066 30 3081 >³1
29 3057 31 3059 -
22 3014 44 3023 κ
30 2941 47 2969 -,
