2352 3926
259 235 371 290 434
814 233 1093 278 QUAEST10
1135 233 1206 271 LI.
1248 208 1556 275 Anrtcums
1596 233 1653 278 Η.

255 348 439 397 ceptum
466 337 721 395 diligenter,
750 346 885 395 atque
917 336 1172 384 honorifice
1203 337 1468 396 tegendum,
1495 337 1899 399 sepeliendumque
1931 350 2147 391 cantatum
2170 354 2223 384 »z

254 407 371 448 tertio
405 415 627 463 quantum
655 402 710 446 ad
743 403 1028 462 mysterium,
1054 418 1135 463 per
1161 405 1284 463 quod
1308 403 1615 451 informantur
1645 404 1727 460 illi,
1743 407 1820 465 qui
1848 405 2036 454 Christo
2063 421 2222 467 conse-

257 471 484 530 peliuntur
511 471 557 513 in
585 480 797 514 mortem.
1281 468 1285 471 ’

345 538 421 582 AD
455 550 642 582 PRIMUM
680 550 789 595 ergo
823 536 1083 591 dicendum,
1119 537 1242 597 quod
1277 539 1397 583 circa
1433 548 1632 584 mortem
1669 538 1842 584 Christi
1876 541 2226 593 commendatur

254 605 484 664 patientia,
502 615 546 648 et
573 606 828 648 constantia
850 604 1004 663 ipsius,
1023 605 1101 663 qui
1122 615 1319 650 mortem
1339 615 1406 649 est
1432 620 1615 664 passus;
1639 616 1683 651 et
1712 615 1840 650 tanto
1864 607 2026 666 magis,
2052 618 2225 667 quanto

254 687 379 716 mors
404 671 487 716 fuit
514 672 752 730 abjectior3
780 672 859 716 sed
877 674 922 715 in
945 671 1176 731 sepultura
1193 672 1450 716 honorifica
1477 673 1790 717 consideratur
1807 673 1948 720 virtus
1970 675 2224 730 morientis,

253 741 331 800 qui
359 750 515 784 contra
541 739 843 783 intentionem
871 739 1179 783 occidentium
1216 739 1355 784 etiam
1381 750 1588 783 mortuus
1620 739 1875 785 honorifice
1911 740 2151 799 sepelitur3
2178 751 2225 790 et

252 807 580 868 praefiguratur
608 807 793 851 devotio
820 806 1038 860 fidelium,
1065 807 1143 865 qui
1169 817 1296 851 erant
1323 806 1510 851 Christo
1539 817 1723 850 mortuo
1750 807 1975 851 servituri.

344 875 419 919 AD
443 886 706 919 SECUNDUM
727 873 988 926 dicendum,
1015 873 1137 932 quod
1164 874 1210 917 in
1232 874 1322 917 hoc
1347 874 1469 932 quod
1496 873 1787 932 Evangelista
1814 874 1937 928 dicit,
1968 874 2092 934 quod
2115 883 2224 935 sepe-

251 942 405 986 lierunt
435 957 546 996 eum,
574 943 678 986 sicut
709 955 796 985 mos
827 947 881 985 est
900 940 1069 998 Iudaeis
1099 941 1280 1000 sepelire,
1315 941 1431 986 sicut
1463 942 1744 999 Augustinus
1789 941 1898 986 dicit
1933 955 2066 1001 super
2090 942 2222 1000 Joan.

253 1009 424 1064 (Tract.
457 1024 549 1054 120.
577 1010 653 1053 cir.
678 1008 817 1064 med),
854 1023 878 1048 ε(
902 1007 1141 1052 admonuit
1167 1009 1213 1052 in
1239 1007 1504 1065 hujusmodi
1536 1007 1713 1061 officiis,
1737 1022 1853 1066 quae
1879 1009 2072 1054 mortuis
2099 1009 2220 1058 exhi-

249 1076 424 1130 bentur,
448 1090 632 1120 vmorem
660 1074 900 1133 cujuslibet
932 1076 1079 1133 gentis
1116 1089 1214 1118 esse
1247 1074 1537 1118 servandum.
1576 1074 1685 1118 Erat
1716 1085 1870 1118 autem
1904 1075 2032 1120 istius
2072 1076 2221 1135 gentis

250 1143 554 1197 consuetudo,
576 1152 625 1187 ut
655 1152 947 1187 mortuorum
968 1155 1160 1200 corpora
1177 1142 1312 1186 variis
1332 1142 1610 1185 aromatibus
1644 1141 1950 1196 condirentur,
1976 1152 2026 1187 ut
2052 1143 2219 1189 diutius

248 1220 535 1255 servarentur
567 1209 726 1254 illaesa
744 1224 794 1253 »ε
829 1209 948 1254 unde
982 1219 1026 1253 et
1052 1209 1098 1252 in
1129 1224 1166 1267 3.
1194 1209 1248 1252 de
1281 1209 1440 1252 Doctr.
1477 1208 1644 1253 Christ.
1675 1208 1788 1267 (cap.
1815 1223 1878 1254 12.
1906 1223 1933 1253 a
1951 1210 2130 1268 princ),
2158 1210 2220 1263 di-

254 1278 384 1332 citur,
411 1278 534 1337 quod
564 1278 651 1321 «in
675 1277 887 1321 omnibus
919 1276 1085 1320 talibus
1107 1291 1200 1320 non
1228 1290 1334 1320 usus
1357 1290 1525 1329 rerum,
1553 1276 1627 1319 sed
1656 1275 1797 1320 libido
1824 1277 1990 1321 utentis
2015 1277 2062 1321 in
2089 1276 2223 1338 culpa

249 1356 317 1390 est
332 1361 382 1389 »z
417 1356 461 1390 et
489 1355 647 1405 postea
674 1345 843 1389 subdit:
875 1361 898 1386 t<
918 1344 1059 1397 Quod
1080 1345 1124 1387 in
1153 1343 1251 1388 aliis
1278 1344 1485 1403 personis
1512 1343 1780 1402 plerumque
1811 1343 2034 1402 flagitium
2061 1354 2142 1400 est,
2173 1345 2221 1389 in

250 1413 419 1467 divina,
445 1413 520 1457 vel
546 1413 812 1473 prophetica
839 1426 1035 1471 persona
1061 1411 1288 1455 maximae
1312 1407 1550 1468 cujusdam
1575 1411 1641 1454 rei
1666 1411 1854 1469 'signum
1887 1421 2011 1455 est».
2033 1411 2222 1471 Myrrha

252 1481 391 1534 enim,
415 1490 459 1524 et
486 1480 611 1524 aloes
637 1490 821 1539 propter
847 1479 917 1523 sui
944 1478 1296 1522 amaritudinem
1322 1477 1582 1536 significant
1607 1478 1950 1537 poenitentiam,
1982 1492 2062 1537 per
2082 1493 2220 1538 quam

248 1547 409 1606 aliquis
435 1548 482 1591 in
509 1548 659 1606 seipso
680 1547 918 1591 Christum
937 1555 1178 1589 conservat
1195 1546 1364 1604 absque
1392 1545 1683 1604 corruptione
1710 1545 1906 1605 peccati;
1934 1546 2050 1593 odor
2066 1556 2218 1591 autem

251 1625 512 1659 aromatum
540 1614 766 1673 significat
789 1614 962 1657 bonam
987 1613 1175 1656 famam.

335 1683 411 1726 AD
433 1695 648 1726 TERTIUM
668 1681 929 1734 dicendum,
957 1680 1079 1739 quod
1107 1679 1308 1739 myrrha,
1333 1688 1375 1723 et
1394 1678 1519 1724 aloes
1544 1679 1873 1725 adhibebantur
1890 1680 2073 1739 corpori
2091 1680 2221 1726 Chri-

246 1749 317 1804 sti,
345 1759 393 1794 ut
418 1749 626 1793 immune
654 1763 679 1792 a
703 1748 997 1807 corruptione
1024 1746 1289 1802 salvaretur,
1316 1747 1439 1806 quod
1465 1747 1703 1790 videbatur
1720 1747 1775 1791 ad
1795 1746 2043 1806 quamdam
2067 1761 2221 1794 neces-

250 1818 431 1861 sitatem
449 1817 689 1876 pertinere,
711 1816 831 1859 unde
854 1815 985 1859 datur
1001 1814 1134 1858 nobis
1153 1813 1431 1871 exemplum,
1452 1814 1574 1872 quod
1591 1813 1713 1858 licite
1729 1828 1974 1872 possumus
1995 1813 2219 1875 aliquibus

248 1884 459 1943 pretiosis
495 1884 561 1928 uti
597 1881 930 1927 medicinaliter
960 1896 1042 1940 pro
1076 1883 1346 1926 necessitate
1373 1881 1517 1926 nostri
1550 1881 1754 1939 corporis
1788 1882 2112 1933 conservandi:
2138 1882 2218 1930 sed

247 1951 471 1996 involutio
498 1951 703 2009 corporis
726 1949 980 2008 pertinebat
997 1949 1052 1992 ad
1079 1948 1228 1992 solam
1253 1949 1500 2007 quamdam
1527 1948 1786 1992 decentiam
1811 1948 2079 2004 honestatis,
2105 1960 2151 1994 et
2167 1949 2218 1995 in

243 2017 407 2061 talibus
435 2017 716 2076 simplicibus
739 2017 957 2061 debemus
991 2029 1089 2060 esse
1123 2016 1348 2060 contenti:
1376 2030 1456 2074 per
1487 2015 1577 2059 hoc
1601 2025 1758 2060 tamen
1789 2015 2143 2074 significabatur,
2168 2026 2219 2063 ut

244 2085 433 2129 Hieron.
462 2085 571 2128 dicit
596 2086 660 2141 (in
681 2085 789 2128 hunc
817 2084 894 2128 loc.
913 2083 1085 2141 Matth.)
1106 2083 1229 2141 quod
1260 2098 1283 2123 (ε
1300 2082 1376 2126 ille
1394 2085 1438 2126 in
1461 2083 1652 2127 sindone
1668 2083 1840 2127 munda
1857 2083 2217 2143 involvitJesum

242 2152 320 2211 qui
346 2161 499 2196 mente
526 2166 638 2211 pura
664 2165 770 2196 eum
797 2150 1047 2208 susceperit
1062 2167 1085 2191 »
1104 2164 1113 2192 :
1143 2159 1187 2194 et
1208 2150 1330 2204 hinc,
1349 2159 1398 2193 ut
1419 2149 1543 2198 Beda
1566 2149 1674 2193 dicit
1696 2164 1832 2209 super
1852 2151 1994 2199 Marc.
2010 2151 2125 2211 (cap.
2141 2164 2215 2210 44.

240 2219 463 2264 secundum
485 2221 573 2278 ejus
594 2217 830 2275 ordinem:
861 2216 1138 2261 «Ecclesiae
1171 2230 1273 2260 mos
1306 2216 1514 2272 obtinuit,
1548 2226 1597 2260 ut
1628 2217 1904 2265 sacrificium
1937 2216 2090 2268 altaris
2115 2232 2216 2273 non

239 2285 288 2329 in
310 2286 472 2341 serico,
500 2300 648 2344 neque
675 2285 720 2328 in
753 2299 906 2344 panno
932 2285 1091 2338 tincto,
1109 2284 1187 2328 sed
1212 2284 1260 2327 in
1286 2283 1382 2327 lino
1409 2293 1591 2329 terreno
1619 2284 1884 2335 celebretur,
1906 2285 2024 2336 sicut
2048 2299 2215 2347 corpus

244 2352 438 2397 Domini
464 2363 531 2397 est
561 2353 608 2399 in
640 2352 834 2397 sindone
861 2352 1033 2397 munda
1059 2351 1349 2410 sepultum».

335 2420 411 2465 AD
439 2432 677 2471 QUARTUM
705 2419 964 2474 dicendum,
988 2419 1110 2477 quod
1139 2418 1349 2463 Christus
1375 2417 1592 2477 sepelitur
1615 2418 1663 2462 in
1689 2418 1842 2473 horto,
1876 2418 1933 2465 ad
1956 2419 2216 2479 significan·

245 2486 354 2531 dum
383 2487 506 2547 quod
547 2501 628 2546 per
660 2496 873 2540 mortem,
907 2496 951 2530 et
983 2486 1264 2544 sepulturam
1297 2486 1437 2544 ipsius
1467 2485 1714 2529 liberamur
1739 2501 1764 2530 a
1791 2496 1955 2542 morte,
1981 2487 2211 2547 quam—in·

244 2554 468 2600 currimus
493 2569 574 2613 per
600 2564 841 2613 peccatum
862 2554 992 2601 Adae
1018 2554 1064 2597 in
1081 2553 1216 2597 horto
1241 2553 1437 2612 paradisi
1465 2553 1787 2603 commissum:
1805 2553 1910 2600 ideo
1935 2565 2091 2601 autem
2115 2554 2212 2600 Sal-

239 2631 372 2666 vator
397 2623 442 2665 in
480 2620 629 2665 aliena
663 2621 847 2680 ponitur
873 2620 1118 2678 sepultura,
1146 2630 1194 2664 ut
1220 2620 1412 2679 August.
1441 2620 1550 2664 dicit
1574 2620 1621 2664 in
1648 2621 1850 2679 quodam
1882 2635 2095 2669 sermone
2119 2624 2213 2682 (qui

242 2695 300 2734 est
319 2704 395 2750 133.
423 2688 469 2734 de
503 2689 647 2748 Temp.
673 2702 700 2732 a
721 2688 862 2746 med),
895 2703 918 2728 <c
938 2687 1043 2746 quia
1068 2701 1151 2745 pro
1186 2687 1382 2731 aliorum
1409 2687 1690 2732 moriebatur
1721 2687 1890 2732 salute:
1917 2688 2211 2748 sepulc-hrum

240 2766 394 2801 autem
413 2755 572 2800 mortis
598 2765 665 2799 est
682 2753 994 2799 habitaculum
1014 2771 1036 2795 ³>
1054 2769 1064 2797 :
1092 2768 1172 2812 per
1193 2754 1283 2798 hoc
1307 2755 1445 2798 etiarn
1474 2755 1752 2800 considerari
1770 2765 1920 2814 potest
1935 2757 2211 2816 paupertatis

241 2823 517 2868 abundantia
549 2836 631 2883 pro
664 2822 796 2866 nobis
829 2832 1080 2880 susceptae,
1114 2836 1223 2865 nam
1256 2822 1334 2881 qui
1367 2823 1560 2866 domum
1592 2823 1638 2866 in
1670 2823 1762 2867 vita
1788 2837 1883 2869 non
1908 2823 2081 2878 habuit,
2107 2834 2212 2884 post

240 2900 438 2934 mortem
466 2903 648 2949 quoque
674 2889 720 2932 in
749 2888 899 2932 alieno
937 2888 1180 2947 sepulchro
1216 2890 1492 2944 reconditur,
1519 2900 1564 2934 et
1588 2891 1734 2935 nudus
1760 2890 1955 2937 existens
1987 2905 2014 2936 a
2037 2891 2208 2952 Joseph

240 2957 516 3016 cooperitur.
545 2957 597 3000 In
613 2970 737 3000 novo
758 2966 910 2999 autern
937 2956 1118 3014 ponitur
1137 2966 1456 3010 monumentO,
1485 2966 1533 3001 ut
1559 2957 1748 3002 Hieron.
1776 2957 1885 3003 dicit
1907 2958 1977 3017 (in
2006 2958 2115 3007 hunc
2131 2960 2208 3005 loc.

241 3026 430 3084 Matth),
450 3040 473 3066 «
489 3038 547 3071 ne
565 3034 669 3084 post
685 3022 1082 3076 resurrectionem,
1102 3023 1290 3067 caeteris
1309 3023 1578 3081 corporibus
1595 3025 1947 3080 remanentibus,
1963 3020 2208 3082 surrexis8e

240 3091 355 3139 alius
391 3092 698 3151 fingeretur».
736 3091 893 3134 Potest
920 3099 1073 3134 autern
1107 3099 1151 3133 et
1182 3104 1355 3133 novum
1397 3090 1692 3149 sepulchrum
1728 3091 1903 3142 Mariae
1935 3092 2208 3152 virginalem

238 3170 418 3207 uterum
451 3159 788 3211 demonstrare;
822 3171 901 3216 per
932 3156 1023 3200 hoc
1053 3155 1191 3201 etiam
1224 3156 1353 3201 datur
1379 3156 1586 3216 intelligi,
1614 3159 1737 3217 quod
1758 3173 1839 3219 per
1865 3158 2040 3209 Christi
2063 3158 2209 3219 sepul.

238 3236 388 3271 turam
425 3239 589 3270 omnes
626 3225 915 3277 innovamur,
953 3233 1115 3280 morte,
1144 3232 1187 3267 et
1215 3224 1507 3283 corruptione
1545 3224 1788 3270 destructa.
1820 3226 1873 3272 In
1903 3223 2206 3276 monumento

241 3303 393 3337 autem
421 3293 574 3338 exciso
593 3292 639 3336 in
667 3301 791 3351 petra
820 3290 1030 3335 conditus
1057 3299 1137 3343 est,
1156 3300 1204 3333 ut
1223 3290 1408 3334 Hieron.
1435 3291 1542 3335 dicit
1560 3293 1670 3352 (sup.
1698 3292 1802 3337 illud
1818 3293 2084 3354 HGMk-37&
2101 3293 2207 3351 Jube

238 3375 332 3418 ergo
360 3360 572 3415 custodiri,
601 3360 713 3417 etc),
745 3376 768 3400 <c
786 3372 842 3402 ne
869 3357 907 3402 si
934 3372 989 3403 ex
1006 3355 1160 3400 multis
1187 3356 1410 3415 lapidibus
1428 3358 1719 3404 aedificatum
1742 3358 1913 3415 fuisset.
1931 3359 2096 3408 tumuli
2108 3359 2207 3406 fun·

240 3427 463 3472 damentis
490 3425 708 3480 suffossis,
737 3425 911 3471 ablatus
935 3423 1055 3468 furto
1090 3423 1313 3468 diceretur
1331 3440 1379 3478 »3
1413 3426 1531 3470 unde
1560 3436 1604 3469 et
1628 3439 1787 3471 saxum
1815 3440 2051 3486 magnum,
2081 3427 2204 3487 quod

241 3495 497 3554 appositum
526 3493 622 3548 fuit,
650 3493 861 3546 ostendit,
888 3490 1009 3552 quod
1041 3506 1064 3532 ε(
1082 3504 1174 3534 non
1204 3490 1371 3550 absque
1400 3492 1566 3538 auxilio
1594 3491 1893 3551 plurimorum
1911 3492 2203 3554 sepulchrum

240 3562 461 3621 potuisset
487 3561 675 3608 reserari
696 3575 746 3604 »:
776 3560 813 3608 si
839 3559 976 3606 etiam
996 3556 1197 3617 sepultus
1221 3556 1377 3601 fuisset
1401 3558 1448 3602 in
1471 3569 1603 3613 terra,
1631 3556 1782 3605 dicere
1804 3569 2034 3620 poterant:
2062 3558 2203 3613 «Safi-

241 3627 450 3674 foderunt
477 3637 660 3683 terram,
689 3638 732 3672 et
758 3626 892 3673 furati
918 3634 1022 3671 sunt
1047 3638 1153 3670 eum
1171 3641 1212 3678 n,
1232 3624 1348 3670 sicut
1376 3624 1566 3683 August.
1595 3626 1716 3674 dicit.
1741 3626 2032 3685 significatur
2048 3636 2200 3684 autem

2347 3148 2349 3150 .
2342 3125 2352 3130 s
2330 2740 2352 3110 :afflfflmszmmjfflaffla
2350 2723 2351 2726 „
2350 2703 2352 2706 Α
2346 2636 2352 2691 ...m
