2352 3926
285 238 389 296 312
768 238 1045 285 QUAESTIO
1083 239 1619 280 xxxvl.ART1cULus
1658 240 1752 279 vn.

283 352 433 386 tarum
451 352 512 397 ›>,
531 339 610 385 sed
637 340 790 399 angeli
825 341 1080 399 pastoribus
1118 351 1386 401 apparentes
1418 341 1600 388 fuerunt
1635 355 1742 387 vere
1780 340 1836 387 de
1869 341 2143 389 coelestibus
2177 353 2253 388 ane

285 408 423 467 gelis3
451 422 561 466 ergo
589 417 634 451 et
659 406 791 452 stella
816 408 964 466 Magis
992 422 1213 467 apparens
1243 408 1327 454 fuit
1351 423 1457 454 vere
1482 409 1536 454 de
1565 408 1837 453 coelestibus
1859 408 2013 454 stellis.

377 490 414 535 3.
458 476 758 520 PRAETEREA.
793 474 978 529 Stellae,
1006 489 1123 534 quae
1157 490 1253 521 non
1285 488 1390 521 sunt
1421 478 1468 521 in
1505 476 1653 530 coelo,
1690 475 1770 520 sed
1806 476 1854 520 in
1891 490 2009 530 aere,
2044 475 2254 522 dicuntur

284 542 441 587 stellae
477 551 700 596 cometae,
728 556 843 601 quae
870 557 964 586 non
998 553 1218 602 apparent
1252 544 1300 588 in
1325 544 1638 588 nativitatibus
1664 557 1841 601 regum,
1867 542 1947 587 sed
1972 543 2121 600 magis
2146 549 2255 590 >sunt

284 610 452 654 indicia
478 610 638 654 mortis
669 623 853 654 eorum:
882 610 961 654 sed
977 609 1057 654 illa
1073 610 1204 655 stella
1222 611 1490 670 designabat
1506 611 1646 669 Regis
1662 610 1971 665 nativitatem3
1994 610 2113 654 unde
2129 610 2255 668 Magi

285 678 442 720 dicunt
467 677 628 720 Matth.
658 689 722 720 2.:
765 677 848 721 Ubi
873 684 943 731 est,
971 679 1042 736 qui
1067 684 1188 723 natus
1219 685 1276 724 est
1301 680 1388 724 Rex
1414 679 1710 735 Iudaeorum?
1740 677 1926 721 vidimus
1955 678 2066 722 enim
2095 677 2256 723 stellam

286 747 371 803 ejus
397 746 442 787 in
468 745 636 788 Oriente
652 759 668 796 ,·
698 758 807 803 ergo
834 745 1025 799 videtur,
1053 746 1175 804 quod
1201 744 1336 790 fuerit
1361 760 1451 789 una
1478 746 1533 790 de
1561 744 1836 789 coelestibus
1862 743 2018 797 stellis.

380 811 474 855 SED
503 825 699 856 CONTRA
728 822 808 866 est,
841 812 964 870 quod
991 812 1185 871 August.
1215 813 1322 857 dicit
1349 815 1394 856 in
1418 812 1495 857 lib.
1523 826 1563 856 2.
1593 822 1752 856 contra
1778 811 1996 856 Faustum
2030 811 2140 871 (cap.
2161 825 2200 871 5.
2231 825 2258 855 a

288 878 417 937 med.)
438 895 451 923 .·
483 895 506 919 «
524 879 631 923 Non
660 893 713 922 ex
739 878 828 923 illis
856 889 952 924 erat
977 879 1092 923 haec
1119 879 1277 934 stellis,
1300 895 1416 939 quae
1440 881 1493 924 ab
1516 880 1646 924 initio
1672 891 1906 923 creaturae
1927 878 2141 924 itinerum
2157 892 2259 923 suo-

288 961 391 990 rum
419 947 628 990 ordinem
655 947 735 991 sub
765 948 981 991 creatoris
1008 947 1110 1006 lege
1137 948 1423 1003 custodiunt;
1450 947 1529 992 sed
1555 962 1678 992 novo
1706 947 1908 1006 Virginis
1933 956 2064 1006 partu
2084 961 2259 991 novum

291 1014 414 1058 sidus
442 1015 649 1074 apparuit
665 1032 705 1059 n.

378 1082 668 1127 RESPONDEO
713 1081 975 1135 dicendum,
1002 1082 1139 1140 quod,
1171 1083 1288 1127 sicut
1321 1083 1560 1142 Chrysost.
1594 1082 1703 1126 dicit
1734 1096 1831 1141 sup.
1857 1081 2019 1126 Matth.
2053 1077 2184 1138 (hom.
2217 1080 2259 1126 6.

289 1150 491 1208 aliquant.
519 1164 545 1193 a
556 1150 738 1209 princ),
766 1149 890 1208 quod
920 1148 1040 1192 «illa
1066 1148 1212 1204 stella,
1239 1165 1355 1208 quae
1382 1150 1531 1208 Magis
1555 1150 1774 1207 apparuit,
1791 1163 1885 1194 non
1902 1148 2038 1194 fuerit
2053 1162 2144 1193 una
2159 1161 2262 1192 coe-

288 1217 473 1261 lestium
501 1216 750 1270 stellarum,
774 1215 1086 1274 multipliciter
1111 1216 1406 1261 manifestum
1433 1227 1514 1260 est.
1533 1217 1678 1261 Primo
1702 1216 1887 1275 quidem
1904 1216 2011 1275 quia
2026 1214 2156 1260 nulla
2173 1214 2261 1259 alia

291 1283 527 1329 stellarum
553 1284 640 1328 hac
667 1284 742 1327 via
767 1283 952 1337 incedit,
978 1283 1093 1328 haec
1122 1285 1245 1328 enirn
1263 1284 1394 1328 stella
1415 1283 1642 1328 ferebatur
1664 1298 1690 1327 a
1723 1283 2060 1342 Septemtrione
2091 1283 2139 1328 in
2169 1283 2263 1328 Me-

290 1351 483 1396 ridiem:
524 1351 587 1395 ita
620 1351 743 1395 enirn
770 1350 942 1408 Judaea
973 1352 1094 1409 iacet
1125 1351 1182 1394 ad
1215 1351 1463 1405 Persidem,
1498 1351 1617 1395 unde
1648 1351 1776 1409 Magi
1806 1359 2053 1405 veneruntg
2087 1349 2261 1397 secundo

295 1427 483 1478 apparet
507 1418 599 1462 hoc
627 1432 682 1462 ex
707 1427 931 1476 tempore,
957 1431 1053 1461 non
1080 1419 1204 1462 enim
1231 1417 1383 1462 solum
1412 1418 1662 1477 apparebat
1681 1417 1727 1461 in
1753 1427 1906 1472 nocte,
1931 1417 2011 1462 sed
2046 1417 2184 1465 etiam
2214 1417 2263 1461 in

294 1485 447 1529 media
483 1485 580 1540 die;
618 1485 741 1544 quod
773 1498 869 1528 non
901 1494 969 1528 est
993 1485 1168 1529 virtutis
1203 1485 1377 1539 stellae,
1404 1485 1483 1529 sed
1515 1499 1600 1529 nec
1629 1486 1767 1529 etiam
1798 1483 1958 1539 lunae3
1991 1485 2126 1539 tertio,
2158 1483 2265 1544 quia

295 1553 570 1612 quandoque
599 1551 858 1611 apparebat,
886 1562 930 1595 et
955 1552 1231 1610 quandoque
1255 1551 1583 1606 occultabatur,
1603 1566 1709 1595 cum
1727 1551 1850 1595 enim
1867 1551 2147 1598 intraverunt
2161 1550 2267 1596 Hie-

292 1618 595 1678 rosolymam,
632 1617 881 1662 occultavit
912 1618 1133 1677 seipsam:
1170 1619 1333 1663 deinde
1367 1619 1443 1662 ubi
1476 1618 1711 1663 Herodem
1744 1617 2036 1677 reliquerunt,
2068 1617 2266 1677 seipsam

296 1687 593 1741 monstravit3
620 1693 786 1745 quart0,
814 1686 920 1745 quia
945 1700 1040 1730 non
1057 1686 1257 1730 habebat
1284 1687 1555 1730 continuum
1573 1696 1778 1740 motum3
1805 1686 1883 1730 sed
1902 1700 2010 1730 cum
2025 1685 2267 1745 oportebat

294 1754 361 1798 ire
387 1754 567 1812 Magos,
594 1754 698 1807 ibat,
728 1767 834 1796 cum
861 1753 1103 1812 oportebat
1128 1763 1261 1808 stare,
1289 1754 1458 1808 stabat3
1488 1754 1604 1798 sicut
1632 1763 1677 1797 et
1702 1754 1756 1797 de
1780 1752 1997 1797 columna
2018 1753 2150 1801 nubis
2171 1762 2267 1797 erat

293 1821 341 1865 in
369 1821 573 1874 deserto;
601 1822 760 1880 quinto,
789 1820 894 1879 quia
919 1835 1014 1884 nqn
1041 1835 1222 1864 sursum
1248 1836 1440 1865 manens
1473 1832 1654 1880 partum
1679 1820 1880 1879 Virginis
1907 1819 2264 1874 demonstrabat,

295 1888 374 1932 sed
403 1889 617 1932 deorsum
645 1888 926 1931 descendens
952 1887 1042 1931 hoc
1069 1887 1321 1932 faciebat».
1349 1889 1528 1932 Dicitur
1556 1889 1680 1932 enim
1707 1888 1868 1932 Matth.
1897 1900 1953 1942 2.,
1989 1887 2113 1947 quod
2131 1888 2263 1942 stella,

293 1970 421 2014 quam
446 1955 642 2009 uiderant
668 1956 789 2013 Magi
820 1956 865 1998 in
891 1956 1078 2010 Oriente,
1107 1956 1365 2000 antecedebat
1391 1971 1470 2009 eos,
1503 1971 1629 2014 usque
1655 1955 1753 1999 dum
1776 1956 1943 1999 veniens
1973 1961 2100 2001 staret
2117 1963 2264 2014 supra,

293 2025 367 2068 ubi
384 2029 473 2067 erat
494 2031 614 2081 puer.
634 2022 700 2066 Ex
717 2036 809 2081 quo
828 2032 965 2081 patet,
984 2023 1106 2081 quod
1133 2024 1324 2067 verbum
1342 2024 1588 2082 Magorum
1606 2022 1880 2066 dicentium:
1910 2023 2095 2069 Vidimus
2109 2022 2267 2067 stellam

295 2094 381 2149 ejus
405 2093 450 2134 in
481 2091 666 2144 Oriente,
693 2104 788 2134 non
816 2101 884 2134 est
908 2090 972 2134 sic
1000 2090 1364 2149 intelligendum,
1388 2091 1517 2149 quasi
1538 2090 1647 2149 ipsis
1669 2090 1716 2133 in
1745 2089 1935 2135 Oriente
1958 2090 2116 2149 positis
2137 2089 2268 2135 stella

299 2157 557 2217 apparuerit
573 2159 767 2225 existens
779 2158 826 2200 in
843 2167 963 2201 terra
975 2157 1116 2214 Juda3
1136 2158 1214 2201 sed
1235 2158 1341 2216 quia
1359 2159 1569 2201 viderunt
1587 2171 1690 2201 earn
1710 2157 1755 2200 in
1770 2157 1963 2202 Oriente
1986 2157 2267 2212 existentem,

297 2235 342 2269 et
373 2225 620 2284 praecessit
656 2238 736 2268 eos
772 2239 914 2283 usque
947 2225 993 2267 in
1021 2224 1266 2282 Judaeam:
1302 2225 1511 2284 quamvis
1543 2225 1634 2268 hoc
1668 2239 1693 2268 a
1726 2224 1994 2283 quibusdam
2020 2225 2103 2270 sub
2129 2224 2269 2269 dubio

295 2291 592 2351 relinquatur.
618 2291 727 2335 Non
760 2301 914 2336 autem
947 2292 1172 2350 potuisset
1203 2292 1412 2336 distincte
1445 2293 1636 2336 domum
1672 2291 2001 2346 demonstrare,
2032 2290 2121 2336 nisi
2152 2300 2271 2337 esset

296 2370 442 2403 terrae
468 2359 632 2403 vicina.
670 2358 740 2412 Et,
775 2359 892 2403 sicut
922 2359 1019 2418 ipse
1053 2359 1161 2404 dicit
1193 2360 1293 2417 (loc.
1319 2361 1425 2418 cit),
1459 2360 1550 2403 hoc
1582 2373 1677 2403 non
1703 2359 1881 2403 videtur
1904 2359 2138 2418 proprium
2171 2372 2270 2405 esse

296 2426 469 2479 stellae,
496 2425 576 2471 sed
602 2425 779 2470 virtutis
804 2426 1039 2470 rationalis
1068 2427 1332 2485 cujusdam3
1359 2427 1479 2471 unde
1505 2426 1682 2471 videtur
1707 2426 1824 2472 haec
1857 2425 1990 2472 stella
2014 2426 2189 2472 virtutis
2209 2426 2272 2472 in-

295 2493 484 2538 visibilis
509 2492 681 2538 fuisse'
670 2507 718 2537 in
742 2492 885 2537 talem
904 2495 1220 2553 apparentiam
1236 2493 1572 2538 transformata.
1593 2493 1728 2538 Unde
1752 2492 1938 2552 quidam
1961 2493 2131 2549 dicunt,
2147 2493 2271 2554 quod

297 2562 414 2605 sicut
446 2551 638 2620 Spiritus
667 2560 861 2604 Sanctus
900 2561 1134 2605 descendit
1166 2575 1303 2620 super
1337 2561 1616 2621 baptizatum
1652 2560 1948 2605 Dominum
1935 2574 1983 2605 m
2015 2562 2175 2621 specie
2198 2576 2273 2608 co·

297 2628 496 2706 lumbae,
519 2628 582 2672 ita
609 2628 816 2687 apparuit
840 2628 1026 2705 Magis
1015 2644 1062 2672 m
1089 2631 1239 2688 specie
1268 2628 1450 2673 stellae.
1481 2628 1556 2672 alii
1581 2642 1692 2672 vero
1721 2627 1890 2682 dicunt,
1917 2627 2040 2687 quod
2066 2629 2271 2689 angelus,

298 2696 375 2756 qui
408 2695 614 2755 apparuit
639 2695 932 2753 pastoribus
921 2710 967 2738 1n
993 2696 1198 2740 humana
1220 2696 1388 2755 specie,
1416 2695 1624 2756 apparuit
1649 2694 1835 2754 Magis
1823 2709 1871 2738 m
1902 2694 2054 2754 specie
2087 2695 2271 2751 stellae;

296 2762 575 2823 probabilius
602 2772 756 2806 tamen
782 2762 972 2816 videtur,
1001 2763 1123 2821 quod
1156 2762 1290 2808 fuerit
1321 2762 1449 2808 stella
1478 2763 1533 2807 de
1566 2776 1690 2806 novo
1724 2771 1891 2816 creata,
1916 2775 2012 2806 non
2037 2762 2086 2807 in
2113 2762 2264 2818 coelo,

300 2830 381 2874 sed
406 2829 454 2873 in
482 2833 585 2873 a'e‘re
621 2829 774 2873 vicino
802 2839 967 2883 terrae,
1000 2844 1116 2888 quae
1149 2830 1402 2874 secundum
1436 2830 1638 2874 divinam
1663 2828 1947 2874 voluntatem
1981 2830 2272 2886 movebatur3

299 2897 419 2942 unde
447 2897 543 2941 Leo
566 2897 690 2956 Papa
718 2896 826 2940 dicit
851 2897 897 2939 in
926 2896 1072 2941 Serm.
1100 2897 1262 2957 Epiph.
1305 2899 1397 2956 (qui
1427 2903 1481 2942 est
1505 2913 1540 2942 1.
1584 2897 1710 2955 ejusd.
1735 2897 1851 2955 festi,
1882 2904 1975 2957 cap.
2007 2912 2042 2943 r.
2065 2897 2120 2943 ad
2133 2898 2234 2958 fin.)
2254 2911 2270 2942 .·

304 2981 327 3006 ι(
349 2963 514 3008 Tribus
538 2964 685 3022 Magis
712 2963 758 3006 in
784 2963 973 3022 regione
1003 2964 1206 3009 Orientis
1233 2964 1363 3008 stella
1386 2978 1535 3008 novae
1559 2963 1775 3008 claritatis
1798 2963 2019 3023 apparuit,
2042 2979 2157 3024 quae
2174 2964 2272 3009 illu-

299 3032 434 3077 strior
462 3031 666 3084 caeteris,
694 3030 1017 3090 pulchriorque
1055 3031 1290 3086 sideribus,
1323 3032 1369 3075 in
1403 3046 1451 3076 se
1484 3031 1759 3076 intuentium
1794 3029 1970 3085 oculos,
2003 3031 2272 3092 animosque
2343 3067 2352 3075 γ.

301 3109 602 3154 converteret,
626 3108 674 3142 ut
697 3097 939 3142 confestim
958 3098 1280 3154 adverteretur,
1298 3113 1392 3143 non
1416 3113 1513 3143 esse
1538 3099 1754 3153 otiosum,
1777 3097 1900 3158 quod
1921 3108 2016 3143 tam
2036 3098 2272 3145 insolitum
2339 3144 2352 3156 ‚⁷

301 3166 539 3211 videbatur
556 3183 598 3212 ».

392 3235 468 3278 AD
494 3246 683 3279 PRIMUM
711 3247 819 3292 ergo
849 3233 1106 3286 dicendum,
1134 3233 1256 3292 quod
1285 3233 1468 3278 coelum
1495 3234 1541 3277 in
1568 3247 1697 3278 sacra
1731 3233 1964 3294 Scriptura
1997 3233 2270 3294 quandoque

302 3302 464 3346 dicitur
492 3306 582 3356 aer,
609 3301 861 3346 secundum
888 3300 998 3344 illud
1029 3301 1157 3357 (Psal.
1181 3302 1272 3359 8.).·
1311 3302 1502 3346 Volzccres
1528 3302 1643 3355 coeli,
1678 3308 1716 3346 et
1735 3301 1865 3360 pisces
1889 3302 2036 3347 mavis.

393 3370 469 3413 An
497 3381 758 3413 SECUNDUM
781 3368 1041 3421 dicendum,
1068 3368 1190 3426 quod
1213 3368 1299 3426 ipsi
1323 3368 1475 3426 angeli
1492 3368 1714 3413 coelestes
1742 3382 1797 3413 ex
1813 3382 1896 3413 suo
1913 3367 2068 3414 officio
2085 3368 2270 3425 habent,

303 3446 351 3480 ut
378 3436 434 3480 ad
461 3451 546 3480 nos
573 3435 851 3480 descendant
867 3435 913 3478 in
934 3435 1236 3479 ministerium
1264 3436 1415 3480 missi:
1445 3437 1523 3480 sed
1551 3435 1707 3481 stellae
1737 3435 1958 3490 coelestes
1975 3449 2111 3483 suum
2134 3435 2270 3482 situm

302 3519 396 3548 non
424 3513 627 3548 mutant:
656 3503 775 3548 unde
803 3517 896 3547 non
924 3513 991 3547 est
1017 3501 1176 3546 similis
1205 3502 1334 3546 ratio.

392 3571 468 3615 An
503 3583 720 3616 TERTmM
748 3570 1006 3624 dicendum,
1033 3569 1154 3628 quod
1182 3569 1299 3613 sicut
1325 3569 1454 3613 stella
1481 3570 1558 3614 illa
1586 3585 1679 3615 non
1703 3580 1771 3615 est
1792 3579 1948 3615 secuta
1969 3580 2150 3615 motum
2170 3568 2274 3615 stel-

2331 3383 2352 3627 1

302 3636 451 3681 larum
481 3636 766 3693 coelestium,
794 3637 855 3682 ita
882 3651 966 3682 nec
995 3638 1132 3681 etiam
1172 3634 1407 3681 stellarum
1443 3640 1753 3693 cometarum,
1780 3651 1897 3698 quae
1922 3651 2007 3682 nec
2034 3637 2089 3683 de
2111 3637 2183 3683 die
2201 3651 2274 3697 ap·
2317 3622 2352 3926 Ι
