2352 3926
0 1210 18 1325 “ts-:rante

25 3104 30 3108 ι
24 3088 28 3098 ·-
20 2962 37 3083 *sabba-ivr·
21 2945 34 2956 t
19 2858 35 2940 «Vries
18 2840 21 2850 ‘⁴
18 2815 28 2829 '¹'
16 2791 18 2794 ’

694 273 972 319 QUAESTIO
1013 272 1157 311 LXIV.
1198 270 1505 311 ARTICULUS
1545 270 1602 308 11.
2013 269 2113 324 533

855 485 1288 543 ARTICULUS
1332 485 1402 539 II.
2036 509 2055 554 3
2067 507 2114 550 51

280 622 471 662 u’rRuM
505 621 869 660 SACRAMENTA
901 620 1025 659 sm‘r
1054 620 1242 659 soum
1269 621 1339 658 Ex
1367 618 1768 658 INSTITUTIONE
1796 615 2007 657 mva.

485 731 549 789 (4.
576 730 689 776 Dist.
717 745 752 790 3.
776 745 816 789 q.
840 745 876 776 1.
910 735 990 774 art.
1016 744 1056 774 2.
1084 737 1200 789 corp.
1227 734 1263 773 et
1283 729 1396 773 Dist.
1417 742 1454 788 5.
1482 743 1520 787 q.
1547 744 1582 774 ι.
1609 734 1692 773 art.
1706 700 1792 786 ἰ).

250 842 329 887 AD
366 854 626 887 stamnum
653 841 716 885 sic
739 841 1015 901 proceditur.
1040 840 1246 894 Videtur,
1273 840 1396 899 quod
1423 849 1708 884 sacramenta
1733 852 1828 883 non
1855 839 1943 883 sint
1968 837 2122 883 solum

161 923 216 955 ex
240 909 522 954 institutione
549 908 725 954 divina:
752 922 805 952 ea
832 908 953 952 enim
981 922 1097 967 quae
1125 917 1230 952 sunt
1251 907 1462 951 divinitus
1488 907 1706 960 instituta,
1731 905 1969 950 traduntur
1992 904 2126 949 nobis

160 975 207 1020 in
243 988 373 1021 sacra
401 975 655 1034 Scriptura:
684 975 762 1019 sed
789 975 1016 1034 quaedam
1040 985 1234 1032 aguntur
1258 975 1304 1018 in
1331 973 1646 1026 sacramentis,
1669 973 1724 1016 de
1747 972 1907 1031 quibus
1929 971 2054 1016 nulla
2076 971 2127 1015 fit

161 1043 335 1087 mentio
361 1042 408 1087 in
443 1056 571 1086 sacra
600 1041 856 1101 Scriptura3
890 1052 998 1100 puta
1031 1041 1086 1085 de
1121 1041 1379 1095 chrismate,
1412 1055 1503 1099 quo
1537 1039 1751 1084 homines
1785 1038 2128 1092 confirmantur,

161 1118 206 1154 et
230 1109 286 1153 de
312 1108 434 1163 oleo,
461 1122 552 1168 quo
579 1109 839 1153 sacerdotes
865 1109 1159 1167 inunguntur,
1187 1118 1231 1152 et
1263 1108 1318 1151 de
1351 1107 1506 1152 multis
1540 1107 1638 1151 aliis
1671 1117 1765 1150 tam
1793 1107 1955 1160 verbis,
1989 1120 2128 1165 quam

159 1175 306 1230 factis,
339 1176 500 1235 quibus
533 1175 703 1219 utimur
731 1176 778 1219 in
812 1176 1136 1230 sacramentis;
1170 1190 1266 1220 non
1300 1189 1411 1234 ergo
1449 1185 1735 1219 sacramenta
1761 1184 1866 1218 sunt
1890 1173 2043 1217 solum
2077 1186 2130 1216 ex

158 1241 440 1288 institutione
467 1242 633 1288 divina.

249 1322 290 1354 2.
316 1309 614 1355 PRAETEREA.
643 1309 941 1354 Sacramenta
963 1319 1068 1354 sunt
1089 1309 1314 1369 quaedam
1336 1311 1488 1368 signa:
1518 1323 1588 1353 res
1612 1318 1765 1353 autem
1798 1307 2033 1365 sensibiles
2055 1321 2131 1351 na-

158 1376 364 1422 turaliter
387 1376 613 1436 quaedam
639 1377 918 1436 significant:
946 1391 1030 1421 nec
1058 1387 1212 1421 tamen
1239 1386 1389 1436 potest
1414 1377 1517 1430 dici,
1545 1376 1666 1436 quod
1698 1376 1825 1420 Deus
1852 1374 2126 1434 quibusdam

158 1443 564 1504 significationibus
587 1443 848 1498 delectetur,
870 1454 916 1488 et
935 1458 1029 1488 non
1048 1444 1171 1499 aliis;
1199 1444 1304 1503 quia
1320 1445 1415 1503 ipse
1432 1445 1590 1487 omnia
1609 1457 1724 1502 quae
1740 1442 1862 1496 fecit,
1881 1442 2125 1501 approbat:

158 1510 250 1556 hoc
278 1521 431 1555 autem
457 1511 689 1570 proprium
714 1511 891 1555 videtur
918 1526 1015 1555 esse
1043 1511 1336 1564 daemonum,
1356 1521 1404 1554 ut
1421 1510 1691 1570 quibusdam
1717 1509 1857 1569 signis
1881 1510 1936 1552 ad
1954 1508 2124 1568 aliquid

161 1577 445 1623 alliciantur:
478 1578 588 1623 dicit
620 1578 743 1622 enim
771 1579 963 1637 August.
999 1591 1068 1623 21.
1102 1578 1158 1622 de
1192 1578 1327 1622 Civit.
1353 1578 1442 1622 Dei
1473 1578 1590 1637 (cap.
1624 1577 1666 1622 6.
1699 1577 1775 1621 cir.
1808 1576 1964 1634 med.).·
1996 1592 2019 1617 «
2041 1575 2132 1620 Illi-

160 1645 339 1691 ciuntur
369 1644 618 1690 daemones
651 1645 707 1689 ad
739 1645 1083 1689 inhabitandum
1117 1660 1196 1704 per
1228 1654 1471 1699 creaturas,
1497 1659 1609 1704 quas
1640 1659 1734 1688 non
1766 1643 1865 1703 ipsi,
1893 1644 1971 1688 sed
2003 1643 2132 1687 Deus

160 1711 377 1766 condidit,
397 1711 743 1756 ‘delectabilibus
769 1726 851 1771 pro
878 1727 960 1756 sua
986 1712 1243 1757 diversitate
1271 1712 1472 1766 diversis,
1494 1724 1587 1755 non
1605 1721 1653 1755 ut
1671 1709 1888 1755 animalia
1905 1710 2031 1764 cibis,
2049 1710 2128 1754 sed

160 1788 211 1823 ut
233 1779 415 1839 spiritus
439 1779 579 1837 signis
602 1794 654 1833 »ς
679 1791 775 1823 non
802 1793 912 1838 ergo
934 1779 1125 1834 videtur,
1153 1779 1275 1839 quod
1298 1789 1586 1825 sacramenta
1607 1779 1842 1837 indigeant
1868 1791 1967 1823 esse
1990 1791 2044 1822 ex
2065 1778 2130 1822 in·

160 1846 392 1891 stitutione
416 1845 584 1890 divina.

253 1927 292 1973 3.
324 1913 623 1958 PRAETEREA.
657 1912 872 1973 Apostoli
903 1913 1055 1958 vicem
1086 1913 1175 1957 Dei
1207 1922 1443 1972 gesserunt
1473 1913 1520 1957 in
1551 1913 1696 1968 terris,
1722 1912 1843 1957 unde
1875 1911 2129 1971 Apostolus

161 1979 271 2041 dicit
296 1991 337 2024 2.
365 1979 421 2024 ad
449 1971 658 2025 Corinth.
686 1993 751 2024 2.:
781 1980 896 2025 Nam
922 1987 959 2025 et
978 1995 1047 2039 ego
1074 1980 1183 2040 quod
1207 1981 1378 2035 donavi,
1404 1982 1439 2025 si
1465 1980 1564 2039 quid
1589 1980 1763 2034 donavi,
1787 1987 1965 2040 propter
1985 1995 2058 2024 vos
2083 1981 2129 2023 in

153 2055 334 2108 persona
362 2048 534 2102 Christi,
556 2047 674 2092 idest
695 2061 746 2092 ac
769 2048 806 2092 si
828 2049 925 2107 ipse
943 2047 1153 2092 Christus
1176 2048 1414 2099 donasset;
1442 2049 1504 2092 sic
1521 2061 1631 2107 ergo
1649 2047 1841 2101 videtur,
1868 2046 1989 2106 quod
2009 2047 2133 2107 Apo-

161 2114 282 2170 stoli,
308 2123 352 2160 et
376 2128 538 2159 eorum
562 2129 850 2160 successores
877 2116 1053 2175 possint
1077 2129 1199 2159 nova
1225 2125 1513 2159 sacramenta
1538 2115 1788 2159 instituere.

185 2188 187 2193 ’
253 2180 347 2227 SED
364 2193 561 2227 CONTRA
588 2192 669 2236 est,
696 2183 818 2241 quod
845 2182 921 2227 ille
947 2183 1139 2227 instituit
1166 2181 1350 2241 aliquid,
1378 2182 1455 2241 qui
1480 2182 1556 2226 dat
1583 2182 1625 2226 ei
1651 2182 1804 2235 robur,
1828 2191 1873 2226 et
1892 2181 2133 2236 virtutem3

160 2249 279 2294 sicut
302 2259 427 2309 patet
451 2249 506 2293 de
533 2249 864 2294 institutoribus
886 2244 1170 2309 legumz‘sed
1195 2250 1337 2293 virtus
1364 2250 1637 2294 sacramenti
1666 2259 1733 2293 est
1760 2262 1784 2292 a
1807 2247 1908 2293 solo
1937 2249 2055 2302 Deo,
2082 2258 2133 2292 ut

161 2315 285 2376 patet
310 2330 364 2360 ex
389 2316 630 2374 praedictis
657 2315 759 2373 (art.
778 2325 922 2377 praec.
945 2323 984 2362 et
1002 2332 1047 2376 q.
1075 2317 1145 2362 62.
1172 2323 1256 2361 art.
1282 2332 1319 2362 1.
1345 2322 1382 2361 et
1400 2317 1460 2376 5.)
1469 2331 1486 2369 ;
1521 2330 1632 2375 ergo
1665 2315 1790 2360 solus
1822 2315 1948 2360 Deus
1981 2325 2133 2375 potest

161 2383 395 2429 instituere
421 2394 776 2428 sacramentum.

235 2449 540 2495 'RESPONDEO
575 2450 836 2506 dicendum,
874 2450 1012 2510 quod,
1046 2451 1163 2495 sicut
1197 2465 1253 2494 ex
1284 2450 1554 2510 supradictis
1588 2459 1712 2510 patet
1746 2449 1954 2508 (ibidem),
1989 2465 2135 2494 sacra-

167 2526 323 2562 menta
342 2517 748 2562 instrumentaliter
764 2529 1009 2578 operantur
1027 2519 1081 2562 ad
1100 2518 1354 2577 spirituales
1372 2517 1579 2562 effectus:
1606 2518 1959 2562 instrumentum
1978 2528 2132 2562 autem

165 2583 302 2628 habet
342 2584 557 2629 virtutem
595 2599 620 2629 a
652 2585 891 2645 principali
924 2596 1115 2645 agente:
1154 2599 1293 2644 agens
1331 2596 1483 2629 autem
1515 2595 1723 2644 respectu
1757 2585 2031 2629 sacramenti
2064 2594 2133 2629 est

165 2648 315 2710 duplex
325 2665 343 2703 ,·
370 2650 544 2695 scilicet
566 2653 779 2697 instituens
810 2663 1164 2707 sacramentum,
1198 2663 1241 2697 et
1271 2659 1389 2698 utens
1420 2661 1708 2696 sacramento
1741 2651 1961 2706 instituto,
1996 2651 2134 2710 appli-

167 2715 316 2761 cando
338 2715 515 2762 scilicet
538 2718 686 2778 ipsum
715 2719 771 2764 ad
797 2719 1108 2764 inducendum
1136 2719 1370 2765 effectum:
1397 2721 1538 2763 virtus
1566 2730 1717 2763 autem
1741 2720 2012 2763 sacramenti
2038 2731 2135 2762 non

167 2793 318 2843 potest
339 2797 436 2828 esse
465 2785 517 2828 ab
545 2799 617 2840 eo,
642 2786 720 2844 qui
745 2787 883 2830 utitur
904 2797 1218 2841 sacrament03
1246 2788 1350 2846 quia
1371 2801 1465 2831 non
1489 2797 1702 2845 operatur
1724 2786 1810 2829 nisi
1837 2800 1917 2844 per
1942 2784 2134 2829 modum

166 2850 429 2894 ministerii:
462 2851 581 2896 unde
614 2853 893 2912 relinquitur,
927 2855 1049 2913 quod
1075 2855 1214 2898 virtus
1248 2855 1523 2898 sacramenti
1556 2855 1611 2898 sit
1644 2854 1696 2897 ab
1731 2867 1802 2907 eo,
1836 2854 1912 2911 qui
1944 2852 2138 2896 instituit

166 2926 526 2961 sacramentum:
555 2932 660 2962 cum
686 2920 823 2977 igitur
848 2921 988 2964 virtus
1016 2922 1289 2965 sacramenti
1316 2922 1372 2965 sit
1399 2935 1424 2964 a
1451 2921 1551 2966 solo
1578 2921 1696 2974 Deo,
1730 2934 2016 2978 consequens
2051 2927 2133 2973 est,

167 2985 289 3044 quod
316 2983 440 3028 solus
466 2984 591 3029 Deus
616 2986 673 3030 sit
697 2997 1087 3032 sacramentorum
1112 2989 1353 3032 institutor.

255 3051 331 3095 AD
363 3063 551 3095 PRIMUM
578 3064 688 3110 ergo
715 3053 973 3108 dicendum,
1007 3055 1130 3113 quod
1162 3055 1239 3098 illa
1266 3069 1382 3114 quae
1417 3065 1611 3113 aguntur
1638 3054 1682 3097 in
1706 3052 2016 3106 sacramentis,
2049 3066 2132 3111 per

164 3118 377 3163 homines
404 3118 618 3171 instituta,
643 3134 736 3163 non
759 3131 863 3165 sunt
888 3122 942 3165 de
969 3122 1238 3167 necessitate
1264 3122 1553 3174 sacramenti,
1572 3121 1648 3165 sed
1675 3122 1896 3180 pertinent
1918 3121 1970 3163 ad
1991 3134 2128 3178 quan-

165 3186 271 3231 dam
296 3184 650 3240 solemnitatem,
677 3200 792 3245 quae
819 3187 1055 3232 adhibetur
1082 3190 1379 3233 sacramentis
1414 3190 1468 3233 ad
1502 3189 1787 3232 excitandam
1815 3187 2127 3242 devotionem,

165 3263 210 3299 et
235 3252 536 3297 reverentiam
564 3252 611 3296 in
635 3253 722 3308 his,
748 3254 825 3313 qui
851 3267 1135 3300 sacramenta
1167 3257 1440 3315 suscipiunt:
1476 3270 1528 3300 ea
1555 3268 1664 3299 vero
1693 3268 1807 3312 quac
1841 3264 1943 3297 sunt
1970 3253 2025 3297 de
2052 3268 2131 3298 ne-

166 3321 376 3365 cessitate
402 3319 690 3373 sacramenti,
718 3320 771 3363 ab
798 3321 899 3379 ipso
925 3321 1113 3367 Christo
1146 3324 1348 3367 instituta
1382 3333 1497 3376 sunt,
1526 3323 1601 3382 qui
1629 3332 1697 3365 est
1723 3322 1863 3375 Deus,
1891 3331 1935 3365 et
1960 3321 2133 3366 homo:

165 3397 211 3432 et
234 3387 341 3431 licet
364 3401 458 3430 non
486 3387 574 3430 sint
601 3387 757 3431 omnia
778 3388 941 3432 tradita
967 3389 1012 3432 in
1042 3390 1302 3450 Scripturis,
1339 3390 1476 3433 habet
1501 3399 1655 3432 tamen
1684 3402 1736 3431 ea
1764 3387 1968 3431 Ecclesia
1996 3401 2050 3431 ex
2071 3386 2134 3431 fa-

166 3455 332 3500 miliari
358 3453 688 3512 Apostolorum
714 3454 971 3509 traditione,
996 3456 1113 3501 sicut
1138 3457 1390 3517 Apostolus
1417 3457 1525 3500 dicit
1548 3468 1582 3500 1.
1605 3456 1660 3499 ad
1685 3455 1794 3499 Cor.
1824 3468 1916 3498 11.:
1943 3454 2135 3509 Caetera,

166 3536 260 3567 cum
280 3535 449 3574 venero,
480 3520 713 3579 disponam.

259 3588 336 3633 An
355 3599 615 3632 SECUNDUM
639 3586 897 3642 dicendum,
920 3589 1042 3647 quod
1059 3603 1131 3634 res
1148 3590 1384 3634 sensibiles
1403 3589 1701 3648 aptitudinem
1720 3589 1949 3648 quandam
1967 3589 2138 3634 habent

166 3655 224 3699 ad
249 3653 598 3714 significandum
630 3653 884 3713 spirituales
916 3652 1103 3701 effectus
1135 3670 1190 3701 ex
1222 3657 1292 3700 sui
1322 3666 1506 3700 natura:
1534 3655 1614 3700 sed
1640 3655 1727 3700 ista
1754 3654 1958 3714 aptitudo
1991 3654 2118 3701 deter
