2352 3926
241 196 352 264 296
707 207 985 253 QUAESTIO
1029 208 1194 246 xxxv.
1237 207 1545 247 ARTICULUS
1586 208 1659 246 1v.

332 323 372 354 2.
400 311 699 354 PRAETEREA.
734 310 943 354 Christus
977 309 1140 354 dicitur
1170 309 1296 354 Deus
1330 309 1582 354 secundum
1624 309 1825 353 divinam
1867 319 2097 355 naturam:
2130 309 2210 356 sed

242 378 393 421 divina
411 388 570 421 natura
597 391 690 420 non
718 379 894 434 accepit
916 377 1096 421 initium
1122 378 1300 421 essendi
1327 392 1382 422 ex
1406 377 1621 436 Virgine3
1650 391 1760 435 ergo
1788 377 1928 422 Beata
1949 377 2093 437 Virgo
2114 392 2211 423 non

243 456 310 489 est
343 445 533 488 dicenda
566 445 711 488 Mater
742 444 844 488 Dei.
1969 459 1974 466 ’

335 527 371 570 3.
400 512 697 556 PRAETEREA.
727 512 828 554 Hoc
857 526 1030 555 nomen
1057 513 1169 557 Deus
1211 514 1517 557 communiter
1554 512 1839 571 praedicatur
1881 512 1936 556 de
1975 512 2126 567 Patre,
2146 522 2212 568 net

241 578 372 632 Filio,
401 590 443 622 et
471 579 639 637 Spiritu
668 578 864 623 Sancto:
892 579 930 622 si
957 593 1066 638 ergo
1094 580 1235 623 Beata
1260 579 1403 638 Virgo
1442 590 1510 624 est
1549 580 1695 623 Mater
1722 579 1824 632 Dei,
1850 579 2028 623 videtur
2068 580 2210 639 sequi,

242 645 363 704 quod
390 645 530 689 Beata
557 645 699 704 Virgo
727 646 783 690 sit
810 656 955 689 mater
980 647 1139 700 Patris,
1168 657 1212 690 et
1239 646 1352 700 Filii,
1382 657 1426 691 et
1454 647 1644 705 Spiritus
1678 646 1855 690 Sancti:
1893 647 2016 705 quod
2049 656 2117 691 est
2147 647 2211 691 in-

242 713 541 767 conveniens;
568 727 662 756 non
690 727 800 772 ergo
828 714 969 757 Beata
995 713 1140 771 Virgo
1169 713 1302 758 debet
1328 714 1415 757 dici
1442 714 1588 758 Mater
1613 713 1715 757 Dei.

334 779 428 823 SED
456 793 651 824 CONTRA
679 790 759 834 est,
782 781 904 839 quod
921 781 967 824 in
989 781 1210 840 Capitulis
1230 780 1394 840 Cyrilli
1417 781 1675 840 approbatis
1698 781 1744 823 in
1768 780 1998 840 Ephesina
2021 779 2211 840 Synodo

242 845 372 906 (part.
398 862 433 891 1.
461 855 554 906 cap.
581 847 650 892 26.
678 848 885 892 anathem.
911 850 967 906 1.)
997 847 1183 907 legitur:
1216 864 1240 889 t<
1265 848 1313 892 Si
1340 850 1439 907 quis
1465 862 1559 891 non
1583 847 1823 892 confitetur
1846 847 2000 892 Deum
2023 861 2123 892 esse
2149 861 2214 893 se-

243 913 443 957 cundum
459 914 698 958 veritatem
715 914 1082 969 Emmanuelem,
1101 926 1145 960 et
1163 926 1347 974 propter
1368 916 1458 958 hoc
1477 916 1565 959 Dei
1585 914 1867 959 Genitricem
1885 914 2102 959 Sanctam
2115 913 2215 959 Vir-

242 980 397 1039 ginem
425 981 604 1040 (genui-t
630 983 753 1025 enim
781 981 1022 1026 carnaliter
1048 997 1233 1027 carnem
1259 981 1432 1026 factum
1459 982 1547 1026 Dei
1568 981 1812 1040 Verbum),
1831 981 2077 1026 anathema
2097 982 2156 1027 sit
2169 998 2212 1026 2).

331 1048 621 1093 REsponzo
649 1049 908 1103 dicendum,
931 1049 1068 1108 quod,
1091 1050 1208 1094 sicut
1233 1063 1367 1109 supra
1395 1050 1568 1093 dictum
1596 1059 1664 1093 est
1690 1050 1751 1108 (q.
1777 1049 1843 1095 16.
1867 1055 1947 1094 art.
1973 1049 2050 1107 1.),
2073 1062 2213 1094 omne

241 1129 413 1159 nomen
441 1115 702 1174 significans
734 1116 781 1159 in
814 1126 1031 1160 concreto
1058 1127 1269 1161 naturam
1298 1116 1515 1175 aliquam,
1542 1126 1691 1174 potest
1717 1130 1972 1175 supponere
1999 1130 2082 1175 pro
2109 1129 2216 1175 qua-

240 1182 351 1226 libet
382 1182 618 1241 hypostasi
650 1182 771 1227 illius
798 1194 1011 1237 naturae;
1039 1198 1145 1227 cum
1173 1194 1325 1227 autem
1353 1184 1461 1227 unio
1489 1183 1814 1227 incarnationis
1841 1183 1898 1228 sit
1921 1182 2042 1228 facta
2066 1183 2114 1227 in
2134 1183 2216 1243 hy-

241 1250 427 1309 postasi,
454 1249 571 1293 sicut
596 1265 730 1309 supra
762 1250 935 1294 dictum
962 1261 1028 1294 est
1055 1250 1111 1309 (q.
1146 1266 1184 1296 2.
1210 1257 1292 1295 art.
1315 1266 1355 1295 2.
1378 1257 1416 1294 et
1437 1252 1511 1308 3.)‚
1547 1248 1838 1293 manifestum
1865 1261 1946 1304 est,
1973 1250 2096 1309 quod
2122 1250 2214 1295 hoc

240 1331 414 1360 nomen
441 1318 555 1361 Deus
580 1327 730 1375 potest
756 1331 1011 1376 supponere
1045 1332 1127 1376 pro
1156 1318 1393 1376 hypostasi
1418 1317 1614 1360 habente
1641 1317 1894 1360 humanam
1921 1327 2145 1371 naturam,
2168 1326 2215 1361 et

243 1383 466 1427 divinam:
511 1393 555 1427 et
595 1384 701 1427 ideo
735 1384 952 1442 quidquid
997 1384 1211 1428 convenit
1243 1384 1423 1427 divinae
1450 1382 1759 1436 naturae,‚vel
1791 1383 2036 1438 humanae,
2067 1392 2218 1443 potest

243 1450 423 1494 attribui
444 1450 510 1494 illi
532 1465 768 1510 personae,
792 1451 886 1495 sive
910 1451 1163 1494 secundum
1189 1451 1312 1509 quod
1335 1465 1417 1508 pro
1446 1465 1500 1494 ea
1527 1450 1740 1509 supponit
1760 1464 1932 1494 nomen
1954 1449 2217 1509 significans

243 1518 443 1561 divinam
474 1527 699 1572 naturam,
726 1518 821 1561 sive
848 1518 1101 1561 secundum
1129 1518 1250 1576 quod
1287 1532 1370 1576 pro
1409 1531 1461 1561 ea
1498 1517 1713 1576 supponit
1748 1531 1921 1570 nomen
1955 1517 2219 1577 significans

242 1584 494 1628 humanam
521 1595 745 1628 naturam.
774 1584 973 1643 Concipi
999 1597 1169 1638 autem,
1198 1595 1241 1629 et
1267 1584 1394 1628 nasci
1430 1598 1652 1643 personae
1690 1584 2038 1638 attribuitur,-et
2072 1584 2219 1645 hypo-

242 1652 366 1705 stasi,
394 1655 646 1695 secundum
672 1662 883 1695 naturam
910 1651 1052 1706 illam,
1079 1653 1124 1695 in
1152 1666 1241 1711 qua
1269 1651 1535 1710 concipitur,
1565 1661 1609 1695 et
1630 1651 1854 1706 nascitur;
1881 1665 1988 1695 cum
2012 1651 2149 1710 igitur
2169 1651 2217 1696 in

242 1720 342 1777 ipso
368 1720 589 1779 principio
618 1720 933 1779 conceptionis
959 1719 1094 1764 fuerit
1114 1720 1319 1764 humana
1341 1730 1501 1763 natura
1526 1729 1759 1778 assumpta
1782 1733 1808 1763 a
1830 1719 1981 1764 divina
2006 1733 2217 1778 persona,

243 1787 360 1831 sicut
376 1788 657 1846 praedictum
676 1797 743 1831 est
759 1787 820 1846 (q.
839 1803 895 1846 33.
922 1793 1001 1831 art.
1021 1789 1095 1846 3.)‚
1122 1801 1408 1846 consequens
1431 1797 1498 1831 est
1514 1786 1637 1846 quod
1659 1801 1764 1831 vere
1787 1787 1933 1846 possit
1951 1786 2042 1831 dici
2061 1772 2238 1832 Deum‘

244 1867 341 1897 esse
369 1864 658 1912 conceptum,
692 1864 736 1898 et
766 1864 925 1898 natum
960 1854 1015 1898 de
1047 1854 1245 1913 virgine:
1289 1869 1341 1898 ex
1377 1854 1467 1898 hoc
1496 1864 1649 1898 autem
1682 1853 1846 1898 dicitur
1871 1853 2023 1913 aliqua
2054 1852 2218 1898 mulier

244 1921 434 1979 alicujus
462 1931 621 1975 mater,
649 1922 771 1980 quod
799 1936 906 1966 eum
941 1922 1166 1981 concepit,
1205 1932 1250 1966 et
1286 1923 1464 1980 genuit3
1492 1921 1611 1964 unde
1645 1934 1930 1980 consequens
1972 1930 2053 1975 est,
2094 1920 2217 1980 quod

244 1988 384 2032 Beata
417 1987 560 2046 Virgo
585 2003 691 2032 vere
719 1988 894 2032 dicatur
920 1989 1067 2032 Mater
1089 1989 1198 2043 Dei;
1226 1989 1377 2032 solum
1406 1989 1528 2032 enim
1557 1989 1620 2032 sic
1647 1988 1806 2047 negari
1831 1998 2000 2047 posset,
2027 1988 2218 2033 Beatam

243 2054 482 2113 Virginem
511 2069 608 2099 esse
635 2066 830 2100 matrem
862 2056 967 2110 Dei,
994 2056 1031 2100 si
1056 2056 1130 2100 vel
1161 2056 1423 2100 humanitas
1456 2056 1579 2115 prius
1615 2055 1775 2099 fuisset
1815 2055 2018 2114 subjecta
2058 2068 2222 2100 conce·

242 2123 402 2182 ptioni,
425 2133 469 2166 et
489 2123 725 2178 nativitati,
749 2138 887 2183 quam
909 2123 1055 2168 homo
1088 2123 1164 2167 ille
1190 2123 1349 2168 fuisset
1374 2123 1493 2168 filius
1519 2123 1622 2177 Dei,
1649 2125 1766 2167 sicut
1791 2123 2015 2168 Photinus
2038 2122 2215 2183 posuit3

243 2189 319 2234 vel
350 2190 611 2234 humanitas
643 2205 737 2234 non
770 2190 928 2235 fuisset
961 2201 1194 2250 assumpta
1226 2191 1272 2233 in
1305 2191 1527 2235 unitatem
1564 2204 1802 2249 personae,
1842 2189 1919 2234 vel
1958 2189 2218 2250 hypostasis

243 2257 384 2301 Verbi
414 2257 518 2312 Dei,
551 2258 667 2301 sicut
698 2258 850 2317 posuit
880 2258 1143 2302 Nestorius:
1178 2268 1420 2316 utrumque
1455 2268 1607 2302 autem
1638 2258 1807 2302 horum
1849 2267 1917 2302 est
1948 2271 2227 2314 erroneum,

244 2325 364 2367 unde
391 2324 672 2368 haereticum
707 2336 774 2369 est
804 2339 988 2384 negare,
1017 2326 1207 2369 Beatam
1234 2324 1470 2384 Virginem
1501 2339 1599 2369 esse
1626 2325 1823 2369 Matrem
1849 2324 1952 2370 Dei.

333 2391 408 2434 AD
431 2404 619 2436 PRIMUM
638 2406 748 2450 ergo
766 2392 1026 2446 dicendum,
1044 2393 1166 2451 quod
1184 2393 1299 2436 haec
1318 2391 1402 2436 fuit
1425 2392 1622 2450 objectio
1644 2391 1868 2436 Nestorii:
1893 2405 2008 2451 quae
2031 2390 2216 2451 quidem

244 2456 434 2501 solvitur
460 2472 513 2502 ex
538 2458 644 2512 hoc,
672 2459 792 2517 quod
819 2458 927 2503 licet
947 2474 1042 2503 non
1066 2460 1322 2503 inveniatur
1341 2473 1548 2518 expresse
1566 2459 1612 2502 in
1633 2459 1866 2517 Scriptura
1884 2459 2072 2519 dictum,
2094 2457 2219 2518 quod

244 2525 385 2568 Beata
402 2524 547 2582 Virgo
571 2525 628 2569 sit
648 2526 794 2569 Mater
819 2526 928 2581 Dei;
947 2526 1174 2570 invenitur
1196 2537 1350 2570 tamen
1379 2540 1587 2585 expresse
1610 2527 1655 2569 in
1681 2525 1930 2584 Scriptura,
1948 2525 2071 2584 quod
2087 2524 2218 2584 Jesus

247 2591 455 2636 Christus
479 2602 544 2635 est
565 2607 698 2636 verus
721 2593 861 2646 Deus,
884 2603 933 2637 ut
955 2604 1078 2652 patet
1110 2608 1144 2636 1.
1163 2594 1294 2651 Joan.
1323 2593 1402 2637 ult.
1431 2603 1474 2637 et
1501 2593 1623 2652 quod
1651 2593 1792 2637 Beata
1814 2592 1960 2651 Virgo
1984 2602 2052 2636 est
2073 2601 2219 2636 mater

237 2658 344 2716 Jesu
379 2659 565 2712 Christi,
592 2669 641 2703 ut
661 2670 784 2718 patet
816 2660 977 2703 Matth.
1011 2674 1072 2714 1.;
1101 2661 1219 2703 unde
1247 2660 1449 2718 sequitur
1475 2674 1529 2703 ex
1555 2659 1827 2703 necessitate
1855 2673 1910 2702 ex
1931 2658 2080 2711 verbis
2103 2658 2219 2704 Scri-

243 2737 417 2786 pturae,
446 2726 566 2785 quod
609 2727 665 2770 sit
697 2727 843 2771 Mater
875 2727 985 2772 Dei:
1021 2727 1183 2771 dicitur
1217 2727 1356 2770 etiam
1390 2726 1586 2770 Roman.
1621 2741 1662 2786 9.
1691 2726 1813 2785 quod
1847 2740 1900 2769 ex
1934 2725 2119 2784 Judaeis
2150 2735 2219 2770 est

242 2793 464 2838 secundum
497 2808 667 2838 carnem
692 2793 895 2847 Christus,
931 2795 1002 2852 qui
1034 2800 1087 2837 est
1118 2802 1240 2852 super
1267 2795 1408 2837 omnia
1436 2794 1553 2838 Deus
1575 2792 1802 2837 benedictus
1834 2794 1878 2836 in
1903 2792 2095 2846 saecula;
2122 2806 2218 2837 non

246 2856 398 2904 autem
426 2871 493 2904 est
518 2875 571 2904 ex
597 2860 793 2918 Judaeis,
820 2861 903 2904 nisi
932 2861 1160 2904 mediante
1196 2861 1336 2903 Beata
1368 2859 1581 2918 Virgine:
1617 2860 1735 2903 unde
1768 2858 1860 2913 ille,
1887 2860 1964 2918 qui
1990 2871 2059 2904 est
2083 2873 2219 2920 super

246 2928 402 2971 omnia
424 2928 549 2972 Deus
577 2927 840 2972 benedictus
868 2928 913 2971 in
941 2927 1138 2981 saecula,
1167 2936 1234 2971 est
1254 2941 1361 2971 vere
1384 2939 1515 2971 natus
1546 2941 1597 2970 ex
1628 2927 1767 2970 Beata
1792 2926 2000 2985 Virgine,
2025 2926 2142 2972 sicut
2163 2940 2218 2971 ex

246 3009 327 3039 sua
360 3006 518 3039 matre.

334 3063 410 3106 AD
438 3075 698 3107 SECUNDUM
726 3061 986 3116 dicendum,
1009 3061 1130 3120 quod
1163 3059 1241 3104 illa
1266 3070 1330 3104 est
1358 3060 1555 3118 objectio
1578 3060 1800 3105 Nestorii:
1827 3060 1905 3104 sed
1933 3059 2136 3120 Cyrillus
2160 3060 2211 3105 in

246 3130 443 3189 quadam
472 3130 664 3189 epistola
692 3139 849 3172 contra
876 3128 1141 3172 Nestorium
1170 3128 1295 3186 (quae
1319 3128 1409 3171 hab.
1439 3130 1482 3170 in
1519 3128 1645 3171 Cone.
1673 3128 1819 3187 Ephes.
1840 3134 1956 3188 part.
1982 3143 2002 3172 1
2044 3135 2134 3187 cap.
2167 3141 2208 3173 2.

245 3213 361 3241 num.
395 3199 476 3255 12.)
507 3211 609 3240 eam
637 3195 785 3251 solvit,
809 3197 871 3240 sic
900 3196 1079 3239 dicens:
1112 3211 1134 3235 «
1154 3195 1280 3238 Sicut
1298 3195 1500 3238 hominis
1520 3195 1669 3238 anima
1690 3209 1795 3238 cum
1817 3194 2001 3254 proprio
2019 3207 2213 3254 corpore

245 3264 460 3317 nascitur,
494 3275 538 3308 et
568 3275 787 3322 tanquam
814 3277 954 3306 unum
986 3272 1231 3321 reputatur,
1265 3272 1309 3305 et
1341 3262 1378 3305 si
1409 3261 1606 3306 voluerit
1640 3262 1864 3320 quispiam
1899 3262 2064 3319 dicere,
2091 3260 2214 3321 quod

247 3343 315 3376 est
341 3332 531 3390 genitrix
559 3332 719 3383 carnis,
747 3345 839 3374 non
867 3340 1021 3374 tamen
1055 3339 1099 3373 et
1125 3330 1304 3372 animae
1333 3329 1542 3386 genitrix,
1570 3330 1705 3372 nimis
1733 3327 1957 3388 superflue
1989 3327 2212 3387 loquitur:

246 3399 336 3443 tale
364 3398 531 3457 aliquid
560 3408 740 3457 gestum
768 3397 1042 3457 perpicimus
1076 3397 1121 3440 in
1155 3397 1448 3454 generatione
1484 3396 1677 3450 Christi;
1712 3406 1870 3440 natum
1902 3406 1970 3440 est
2001 3396 2124 3440 enim
2156 3409 2211 3440 ex

247 3467 335 3510 Dei
363 3466 507 3510 Patris
534 3466 784 3510 substantia
806 3465 894 3508 Dei
910 3464 1136 3508 Verbum:
1166 3463 1270 3521 quia
1287 3477 1396 3506 vero
1417 3477 1601 3507 carnem
1627 3464 1884 3522 assumpsit,
1905 3461 2214 3507 necessarium

248 3543 314 3577 est
341 3533 562 3586 confiteri,
591 3534 711 3592 quod
740 3543 899 3576 natum
932 3541 999 3575 est
1025 3531 1278 3575 secundum
1307 3544 1491 3574 carnem
1520 3546 1572 3575 ex
1598 3530 1787 3574 muliere
1806 3545 1859 3585 >›;
1888 3529 2132 3574 dicendum
2149 3538 2219 3574 est

247 3615 372 3659 ergo,
400 3600 522 3659 quod
557 3601 696 3645 Beata
727 3599 872 3659 Virgo
906 3598 1068 3643 dicitur
1099 3598 1246 3642 Mater
1279 3597 1391 3651 Dei;
1423 3611 1517 3642 non
1551 3598 1657 3657 quia
1692 3597 1748 3642 sit
1786 3607 1932 3642 mater
1957 3595 2216 3651 divinitatis,
