2352 3926
1039 173 1048 193 Ι

262 243 372 298 504
819 239 1099 285 Quasssno
1140 238 1228 276 Lx.
1270 237 1578 276 Ammonis
1616 237 1668 278 v.

264 344 472 389 Corinth.
500 341 555 396 6.,
583 343 714 387 abluti
735 343 840 394 estis,
869 341 1118 399 sanctificati
1139 341 1245 393 estis,
1266 347 1446 398 oportet
1461 338 1526 382 uti
1543 338 1676 383 rebus
1694 351 1750 383 ex
1765 337 1918 385 divina
1943 337 2225 384 institutione

263 410 589 455 determinatis.

352 478 427 521 AD
461 489 646 521 PRIMUM
673 489 782 533 ergo
812 474 1072 528 dicendum,
1095 472 1217 532 quod
1252 472 1335 517 etsi
1366 471 1489 517 idem
1515 480 1664 530 potest
1694 485 1774 530 per
1805 470 1982 519 diversa
2013 471 2143 530 signa
2171 471 2228 516 si-

262 543 497 602 gnificari3
525 542 826 586 determinare
851 551 1023 595 tamen,
1050 555 1141 599 quo
1168 541 1300 599 signo
1329 539 1385 584 sit
1407 539 1627 584 utendum
1654 538 1710 583 ad
1736 538 2102 596 significandum,
2128 552 2226 597 per-

260 612 373 654 tinet
399 611 453 653 ad
479 609 837 667 significantem:
872 610 999 652 Deus
1032 618 1186 652 autem
1219 618 1300 661 est,
1334 608 1411 665 qui
1442 606 1575 650 nobis
1610 604 1837 663 significat
1870 603 2118 662 spiritualia
2147 618 2228 663 per

261 692 331 721 res
357 677 591 722 sensibiles
625 678 669 720 in
702 677 1014 729 sacramentis,
1047 685 1091 720 et
1123 690 1204 734 per
1233 675 1374 719 verba
1406 672 1772 718 similitudinarie.
1804 672 1851 716 in
1885 671 2150 730 Scripturis:
2183 681 2230 717 et

259 745 364 788 ideo
390 745 506 787 sicut
531 744 700 802 judicio
729 744 921 803 Spiritus
950 743 1107 787 Sancti
1133 742 1485 786 determinatum
1513 750 1597 795 est,
1609 740 1770 798 quibus
1788 737 2156 783 similitudinibus
2181 737 2228 781 in

263 811 395 855 certis
423 811 681 869 Scripturae
703 811 818 855 locis
841 824 912 854 res
933 809 1187 869 spirituales
1204 807 1540 868 significentur3
1566 807 1628 851 ita
1655 806 1792 853 etiam
1810 805 1944 851 debet
1960 819 2059 854 esse
2076 804 2229 853 divina

260 879 543 922 institutione
568 878 938 932 determinatum,
965 891 1082 937 quae
1098 891 1169 921 res
1193 876 1249 920 ad
1270 874 1624 934 significandum
1647 882 1934 920 assumantur
1959 871 2007 920 in
2031 871 2138 930 hoc,
2154 870 2230 917 vel

261 947 307 989 in
333 945 413 989 illo
441 955 746 990 sacramento.
2171 970 2177 977 -

351 1014 428 1058 AD
450 1026 711 1058 SECUNDUM
737 1012 996 1066 dicendum,
1010 1011 1134 1070 quod
1149 1024 1220 1055 res
1239 1008 1473 1055 sensibiles
1495 1007 1665 1053 habent
1680 1005 1944 1051 naturaliter
1960 1005 2045 1051 sibi
2064 1004 2231 1053 inditas

261 1083 449 1125 virtutes
476 1080 760 1125 conferentes
784 1078 1156 1138 adcorporalem
1179 1077 1397 1131 salutem3
1421 1086 1465 1121 et
1487 1076 1588 1120 ideo
1606 1089 1700 1120 non
1718 1073 1922 1128 refert‚si
1936 1073 2055 1119 duae
2070 1086 2230 1117 earum

262 1148 474 1192 eamdem
499 1149 713 1192 virtutem
739 1147 950 1200 habeant,
978 1160 1066 1204 qua
1089 1145 1188 1204 quis
1215 1155 1387 1188 utatur:
1416 1143 1493 1187 sed
1518 1142 1573 1186 ad
1601 1141 2010 1186 sanctificationem
2035 1153 2130 1195 non
2157 1153 2228 1183 or-

262 1216 474 1260 dinantur
507 1231 560 1260 ex
594 1215 745 1274 aliqua
771 1216 933 1258 virtute
966 1214 1050 1257 sibi
1081 1212 1346 1256 naturaliter
1379 1212 1534 1264 indita,
1568 1211 1646 1254 sed
1679 1209 1831 1254 solum
1864 1223 1919 1252 ex
1948 1209 2230 1253 institutione

263 1283 436 1327 divina:
465 1293 510 1327 et
534 1284 637 1326 ideo
666 1284 865 1342 oportuit
892 1281 1105 1324 divinitus
1130 1279 1435 1334 determinari,
1458 1278 1619 1337 quibus
1642 1277 1774 1320 rebus
1797 1275 2082 1320 sensibilibus
2107 1274 2231 1318 sitin

263 1350 559 1395 sacramentis
587 1351 822 1394 utendum.
1540 1362 1541 1365 ¹

353 1417 429 1461 AD
453 1430 669 1462 TERTIUM
697 1416 961 1470 dicendum,
984 1414 1121 1474 quod,
1139 1414 1255 1458 sicut
1274 1413 1391 1472 Aug.
1413 1413 1520 1456 dicit
1547 1425 1613 1471 19.
1632 1407 1791 1455 contra
1814 1409 2030 1455 Faustum
2053 1408 2146 1466 (lib.
2162 1409 2230 1455 16.

263 1491 299 1529 et
319 1486 419 1543 17.),
442 1485 619 1528 diversa
637 1493 923 1528 sacr-amenta
942 1482 1129 1526 diversis
1147 1481 1428 1539 temporibus
1448 1489 1706 1538 congruunt
1723 1494 1735 1533 ;
1758 1480 1875 1522 sicut
1890 1477 2027 1522 etiam
2043 1475 2231 1521 diversis

263 1552 412 1596 verbis
431 1551 742 1610 significantur
760 1551 938 1595 diversa
955 1559 1177 1607 tempora,
1195 1547 1368 1592 scilicet
1385 1561 1614 1606 praesens,
1631 1545 1938 1605 praeteritum,
1949 1554 1994 1589 et
2005 1543 2230 1588 futurum:

265 1629 310 1663 et
334 1619 438 1663 ideo
466 1620 581 1663 sicut
602 1619 647 1662 in
675 1629 792 1662 statu
814 1618 928 1676 legis
949 1626 1138 1660 naturae
1160 1616 1375 1660 homines
1395 1614 1521 1658 nulla
1546 1613 1650 1671 lege
1677 1613 1873 1658 exterius
1895 1612 2013 1668 data,
2033 1612 2113 1656 sed
2129 1610 2231 1656 solo

263 1686 466 1730 interiori
489 1685 703 1729 instinctu
731 1685 1032 1728 movebantur
1060 1683 1115 1727 ad
1141 1683 1294 1727 Deum
1317 1681 1590 1735 colendum3
1616 1681 1679 1725 ita
1704 1680 1843 1725 etiam
1865 1693 1920 1726 ex
1944 1677 2151 1725 interiori
2169 1677 2233 1724 in-

264 1753 430 1797 stinctu
457 1753 842 1797 determinabatur
859 1752 938 1805 eis,
956 1750 1117 1810 quibus
1135 1750 1269 1794 rebus
1296 1748 1582 1794 sensibilibus
1601 1747 1656 1791 ad
1678 1747 1768 1793 Dei
1785 1745 1960 1793 cultum
1978 1755 2230 1795 uterentur:

264 1820 562 1879 postmodum
588 1833 698 1863 vero
725 1833 914 1863 necesse
940 1817 1025 1862 fuit
1052 1818 1194 1862 etiam>
1218 1818 1413 1861 exterius
1439 1815 1596 1874 legem'
1618 1815 1729 1868 dari,
1754 1824 1853 1861 tum
1876 1822 2060 1873 propter
2075 1812 2234 1858 obscu-

263 1887 488 1931 rationem
515 1886 629 1945 legis
655 1898 843 1931 naturae
871 1901 924 1930 ex
950 1886 1149 1944 peccatis
1176 1885 1444 1937 hominum;
1471 1893 1568 1927 turn
1593 1884 1732 1928 etiam
1751 1882 1806 1927 ad
1829 1880 2160 1940 expressiorem,
2180 1880 2234 1925 si·

264 1954 607 2012 gnificationem
640 1955 814 2013 gratiae
848 1953 1034 2006 Christi,
1067 1967 1147 2011 per
1178 1966 1317 2011 quam
1350 1952 1607 1996 humanum
1640 1963 1784 2008 genus
1816 1947 2146 2001 sanctificatum
2188 1955 2234 1991 et

261 2023 365 2066 ideo
393 2023 530 2065 etiam
555 2036 742 2066 necesse
767 2020 852 2064 fuit
878 2035 947 2065 res
975 2020 1280 2073 determinari,
1308 2018 1470 2078 quibus
1497 2017 1709 2062 homines
1742 2025 1976 2062 uterentur
2006 2015 2054 2064 in
2085 2027 2230 2061 sacra-

262 2090 451 2134 mentis:
476 2103 561 2133 nec
589 2099 771 2148 propter
798 2088 888 2131 hoc
916 2097 1115 2131 arctatur
1140 2087 1214 2130 via
1240 2085 1420 2139 salutis;
1449 2086 1555 2144 quia
1586 2098 1674 2137 res,
1701 2097 1894 2142 quarum
1920 2095 2028 2126 usus
2060 2091 2129 2131 est
2157 2093 2234 2126 ne-

264 2156 485 2200 cessarius
510 2156 556 2199 in
583 2155 895 2209 sacramentis,
916 2154 992 2199 vel
1013 2155 1321 2198 communiter
1342 2152 1581 2207 habentur,
1598 2150 1671 2197 vel
1687 2164 1830 2211 parvo
1847 2149 1997 2198 studio
2015 2147 2233 2205 adhibito,

262 2224 421 2268 haberi
446 2233 649 2283 possunt.

970 2399 1404 2458 ARTICULUS
1446 2398 1544 2455 VI.
2148 2422 2227 2470 331

283 2538 476 2579 UTRUM
503 2538 559 2579 IN
592 2537 1043 2577 SIGNIFICATIONE
1077 2533 1566 2575 SACRAMENTORUM
1598 2530 1991 2579 REQUIRANTUR
2022 2530 2215 2570 VERBA.

547 2647 608 2706 (4.
635 2648 746 2692 Dist.
770 2662 805 2692 1.
828 2661 866 2706 q.
894 2662 928 2691 I.
956 2652 1037 2690 art.
1061 2661 1097 2705 3.
1125 2652 1162 2690 et
1184 2646 1293 2689 Dist.
1322 2659 1376 2704 13.
1405 2659 1442 2703 q.
1471 2659 1506 2688 r.
1535 2649 1615 2687 art.
1643 2657 1682 2688 2.
1710 2656 1748 2702 q.
1777 2643 1819 2688 6.
1847 2641 1901 2686 ad
1925 2656 1983 2688 2..

889 2720 927 2758 et
961 2714 1069 2758 Veri.
1097 2727 1134 2771 q.
1162 2726 1228 2771 27.
1257 2717 1336 2756 art.
1365 2725 1406 2768 4.
1435 2711 1488 2755 ad
1513 2710 1617 2767 ια).

346 2827 432 2872 AD
454 2839 647 2872 SEXTUM
669 2825 732 2869 sic
756 2825 1028 2884 proceditur.
1047 2823 1251 2878 Videtur,
1271 2823 1394 2883 quod
1421 2823 1467 2867 in
1491 2822 1823 2881 significatione
1841 2830 2235 2868 sacramentorum

265 2910 360 2940 non
386 2895 669 2954 requirantur
695 2893 855 2937 verba:
882 2892 991 2935 dicit
1017 2891 1140 2935 enim
1167 2891 1360 2950 August.
1390 2901 1511 2934 cont.
1539 2889 1689 2933 Faust.
1717 2889 1792 2934 lib.
1826 2903 1891 2949 19.
1917 2887 2034 2948 (cap.
2061 2887 2129 2934 16.
2156 2889 2233 2932 cir.

265 2962 413 3019 med.).·
443 2978 466 3003 ‹<
496 2961 619 3013 Quid
645 2970 750 3005 sunt
776 2959 897 3003 aliud
925 2973 1131 3018 quaeque
1160 2958 1415 3016 corporalia
1443 2968 1745 3011 sacramenta,
1761 2957 1847 3000 nisi
1865 2955 1995 3015 quasi
2009 2954 2234 3014 quaedam

265 3030 402 3074 verba
428 3027 698 3073 visibilia?›>
729 3027 784 3071 Et
809 3027 872 3070 sic
894 3026 1085 3079 videtur,
1113 3025 1232 3084 quod
1259 3025 1423 3069 addere
1450 3025 1587 3070 verba
1614 3025 1746 3069 rebus
1773 3022 2063 3075 sensibilibus
2088 3022 2135 3066 in
2161 3035 2233 3072 sa,-

268 3097 526 3150 cramentis,
555 3097 611 3139 sit
637 3094 801 3139 addere
826 3094 964 3138 verba
990 3093 1157 3137 verbis:
1187 3093 1265 3137 sed
1293 3092 1382 3136 hoc
1411 3103 1478 3137 est
1504 3092 1811 3152 superfluum;
1832 3105 1928 3143 non
1949 3104 2062 3150 ergo
2089 3088 2233 3150 requi-

267 3175 425 3208 runtur
449 3163 587 3208 verba
614 3177 721 3206 cum
747 3162 879 3206 rebus
903 3158 1190 3205 sensibilibus
1217 3160 1261 3203 in
1290 3161 1601 3205 sacramentis.

358 3245 398 3275 2.
426 3232 724 3275 PRAETEREA.
752 3229 1103 3273 Sacramentum
1131 3237 1198 3271 est
1221 3226 1388 3285 aliquid
1417 3241 1582 3271 unum:
1611 3241 1665 3271 ex
1690 3226 1762 3271 his
1795 3237 1964 3280 autem,
1989 3234 2106 3285 'quae
2132 3232 2237 3269 sunt

268 3299 552 3343 diversorum
579 3311 814 3357 generum,
841 3310 935 3340 non
962 3295 1139 3339 videtur
1166 3309 1301 3351 posse
1330 3294 1498 3353 aliquid
1527 3309 1671 3339 unum
1703 3293 1823 3349 fieri3
1856 3307 1964 3338 cum
1994 3291 2132 3352 igitur
2163 3303 2238 3341 res,

268 3366 517 3419 sensibiles,
546 3376 590 3410 et
615 3365 751 3409 verba
778 3363 1176 3408 sint.diversorum
1203 3376 1438 3420 generum,
1466 3361 1570 3420 quia
1604 3376 1675 3405 res
1702 3359 1939 3407 sensibiles
1967 3368 2075 3405 sunt
2103 3372 2130 3405 a
2160 3370 2236 3403 na-

266 3444 380 3487 tura,
412 3434 551 3478 verba
584 3443 737 3477 autem
770 3446 795 3475 a
826 3430 1019 3484 ratione,
1051 3429 1228 3473 videtur
1259 3429 1381 3487 quod
1415 3428 1461 3472 in
1494 3428 1791 3473 sacramentis
1825 3441 1919 3472 non
1950 3425 2236 3485 requirantur

269 3501 405 3544 verba
433 3515 537 3545 cum
566 3500 697 3544 rebus
725 3497 1023 3543 sensibilibus.

363 3582 399 3626 3.
434 3567 732 3612 PRAETEREA.
762 3567 1059 3611 Sacramenta
1089 3577 1238 3608 novae
1271 3563 1384 3622 legis
1411 3572 1728 3608 successerunt
1751 3562 2047 3608 sacramentis
2070 3557 2235 3608 veteris

267 3634 381 3693 legis
401 3651 410 3679 ε
437 3635 558 3694 quia,
583 3650 607 3677 <t
629 3634 717 3678 illis
740 3633 914 3687 ablatis,
932 3632 1018 3677 ista
1038 3641 1142 3677 sunt
1163 3630 1426 3684 instituta»,
1444 3641 1492 3675 ut
1511 3630 1707 3689 August.
1725 3629 1835 3676 dicit
1855 3642 1920 3689 19.
1939 3636 2061 3676 cont.
2082 3625 2233 3678 Faust-

2344 3367 2349 3374 ‹.
2340 3353 2343 3355 ·
2340 3335 2352 3339 v.
2323 3229 2352 3314 2232&ae(
2334 3165 2352 3214 ¹222*
2337 3115 2352 3148 s.
2349 3067 2352 3072 .
