2352 3926
691 229 968 277 QUAESTIO
1006 229 1114 270 mv.
1154 225 1462 271 ARTICULUS
1501 227 1580 267 111.
2010 228 2117 283 459

162 331 545 379 resurrectionem
569 346 676 378 vere
701 331 786 377 fuit
810 347 865 378 ex
890 331 1129 378 elementis
1161 331 1486 392 compositum,
1517 329 1690 375 habens
1721 328 1768 374 in
1799 341 1849 374 se
1879 327 2120 388 tangibiles

163 399 416 460 qualitates,
443 399 695 444 secundum
722 400 843 459 quod
869 401 1056 459 requirit
1079 410 1240 444 natura
1273 398 1478 458 corporis
1503 397 1708 451 humani,
1741 405 1785 441 et
1809 396 1915 441 ideo
1945 406 2124 440 natura-

71 510 74 517 ,
152 465 264 512 Ἠπει-
279 476 375 512 erat
395 466 643 527 palpabile:
668 476 712 511 et
733 467 771 511 si
786 466 901 511 nihil
918 467 1038 511 aliud
1055 467 1288 511 habuisset
1303 479 1437 524 supra
1459 464 1663 523 corporis
1684 463 1876 508 humani
1895 473 2121 517 naturam,

161 531 319 579 fuisset
339 534 476 578 etiam
495 532 797 593 corruptibile.
824 534 993 577 Habuit
1011 544 1164 578 autem
1184 532 1352 591 aliquid
1372 532 1507 586 aliud,
1535 531 1658 590 quod
1685 532 1834 590 ipsum
1854 530 2124 590 incorrupti·

160 600 250 646 bile
276 601 482 655 reddidit,
507 615 602 646 non
628 601 811 660 quidem
838 611 1047 644 naturam
1081 600 1292 644 coelestis
1325 600 1544 658 corporis,
1571 608 1619 642 ut
1651 599 1835 658 quidam
1863 598 2033 652 dicunt,
2066 597 2122 642 de

162 682 253 728 quo
274 667 389 713 infra
414 669 562 727 magis
587 668 837 727 inquiretur
857 667 973 726 (vicie
999 667 1258 726 Supplemen.
1285 681 1322 724 q.
1342 667 1409 711 82.
1428 672 1511 710 art.
1535 665 1608 721 L),
1637 665 1715 709 sed
1742 664 1938 723 gloriam
1964 663 2124 708 redun-

161 735 347 780 dantem
374 736 427 779 ab
455 735 608 779 anima
638 735 793 779 beata:
827 734 947 793 quia,
979 743 1029 777 ut
1059 733 1342 791 Augustinus
1375 732 1485 776 dicit
1515 731 1562 775 in
1595 731 1787 790 epistola
1820 732 1875 776 ad
1908 731 2120 776 Dioscor.

151 802 289 862 (quae
312 809 366 848 est
386 802 453 861 56.
480 808 574 847 ante
596 801 736 859 med),
769 817 792 842 «
817 810 913 845 tam
938 800 1114 859 potenti
1145 810 1305 844 natura
1336 800 1463 843 Deus
1491 798 1596 842 fecit
1628 799 1844 852 animam,
1870 808 1920 843 ut
1945 813 1998 842 ex
2025 800 2121 857 ejus

161 869 425 930 plenissima
449 869 723 914 beatitudine
747 868 966 912 redundet
991 868 1038 911 in
1066 881 1230 925 corpus
1262 867 1496 925 plenitudo
1530 866 1749 919 sanitatis,
1775 866 1892 910 idest
1922 866 2124 910 incorru-

161 937 328 997 ptionis
359 937 490 995 vigor
520 951 572 991 »3
606 946 650 980 et
680 935 800 989 ideo,
833 935 948 979 sicut
981 934 1231 993 Gregorius
1264 934 1372 977 dicit
1398 933 1580 985 ibidem,
1618 948 1641 973 «
1675 933 1925 976 ostenditur
1956 946 2122 992 corpus

163 1003 334 1050 Christi
358 1012 461 1063 post
485 1002 864 1047 resurrectionem
891 1000 1028 1046 fuisse
1055 1001 1257 1059 ejusdem
1277 1011 1479 1054 naturae,
1503 999 1582 1043 sed
1611 999 1792 1043 alterius
1820 1000 1992 1057 gloriae
2019 1016 2061 1044 ›>.

251 1070 326 1115 Ao
360 1082 575 1115 TERTmM
608 1069 868 1123 dicendum,
911 1068 1048 1128 quod,
1075 1068 1191 1112 sicut
1231 1067 1425 1126 August.
1463 1067 1574 1110 dicit
1604 1080 1669 1125 13.
1711 1067 1766 1110 de
1803 1066 2000 1111 Civitate
2033 1066 2123 1111 Dei

162 1137 271 1199 (cap.
297 1152 366 1183 22.
387 1139 433 1181 in
457 1138 571 1195 fin),
609 1154 633 1179 «
662 1136 874 1181 Salvator
899 1145 1055 1180 noster
1079 1145 1183 1194 post
1208 1134 1606 1187 resurrectionem,
1632 1135 1725 1192 jam
1752 1133 1938 1192 quidem
1967 1134 2014 1177 in
2036 1133 2123 1193 spi-

151 1203 312 1250 ·ritnali
336 1218 488 1259 carne,
515 1203 594 1248 sed
619 1214 775 1248 tamen
795 1217 917 1258 vera,
945 1203 1113 1256 cibum,
1140 1211 1185 1246 et
1209 1211 1368 1260 potum
1402 1215 1508 1245 cum
1531 1200 1764 1260 discipulis
1796 1201 2001 1260 sumpsit,
2027 1215 2122 1245 non

161 1270 484 1316 alimentorum
508 1270 772 1330 indigentia,
798 1270 877 1315 sed
902 1283 956 1314 ea
988 1283 1076 1329 qua
1101 1269 1193 1313 hoc
1229 1278 1407 1328 poterat
1432 1277 1656 1327 potestate
1689 1283 1740 1322 »3
1775 1278 1825 1312 ut
1850 1268 1970 1312 enim
1999 1266 2124 1312 Beda

161 1339 270 1384 dicit
291 1353 429 1399 super
449 1339 561 1383 Luc.
590 1338 699 1398 (cap.
727 1352 795 1398 97.
794 1338 848 1396 )‘.·
879 1355 903 1380 «
926 1337 1072 1381 Aliter
1099 1337 1310 1381 absorbet
1332 1350 1498 1395 aquam
1516 1345 1637 1380 terra
1662 1335 1831 1389 sitiens,
1859 1335 1989 1380 aliter
2013 1333 2123 1379 solis

159 1407 310 1450 radius
335 1405 510 1460 calens;
535 1404 614 1449 illa
639 1405 904 1465 indigentia,
930 1405 1013 1448 iste
1039 1405 1242 1463 potentia
1267 1419 1316 1458 »3
1343 1403 1638 1447 manducavit
1663 1416 1773 1462 ergo
1796 1413 1902 1462 post
1931 1416 2126 1447 resurre-

53 1475 55 1478 ⁴
106 1502 111 1505 -
161 1473 378 1527 ctionem,
412 1487 508 1518 non
534 1473 663 1532 quasi
690 1472 792 1516 cibo
825 1472 1048 1531 indigens,
1076 1471 1154 1515 sed
1180 1480 1228 1516 ut
1255 1485 1310 1515 eo
1343 1471 1485 1515 modo
1515 1480 1725 1514 naturam
1750 1470 1955 1530 corporis
1982 1482 2126 1514 resur-

161 1541 308 1600 gentis
335 1539 605 1594 adstrueret3
629 1549 673 1584 et
698 1549 883 1599 propter
904 1539 994 1583 hoc
1021 1553 1115 1583 non
1142 1541 1358 1598 sequitur,
1385 1539 1508 1598 quod
1538 1537 1674 1582 fuerit
1705 1539 1801 1597 ejus
1834 1552 2000 1597 corpus
2033 1537 2124 1582 ani-

162 1607 297 1666 male,
329 1607 452 1667 quod
479 1617 547 1652 est
570 1607 780 1666 indigens
803 1606 918 1651 cibo.

840 1785 1273 1844 ARTICULUS
1314 1786 1410 1842 1v.
2038 1812 2116 1859 301

163 1951 357 1993 UTRUM
396 1951 607 1992 CORPUS
649 1951 868 1991 CHRISTI
909 1951 1183 1990 DEBUERIT
1213 1951 1329 1990 CUM
1363 1950 1746 1990 CICATRICIBUS
1786 1950 2118 1990 RESURGERE.

280 2073 336 2136 6.
359 2075 470 2120 Dist.
487 2087 558 2120 21.
580 2089 619 2134 q.
641 2089 680 2120 2.
704 2080 785 2119 art.
807 2088 845 2134 5.
864 2089 902 2134 q.
915 2089 952 2135 3.
974 2080 1012 2119 et
1032 2082 1167 2134 opusc.
1185 2089 1224 2120 2.
1248 2082 1336 2134 cap.
1359 2074 1451 2134 236.
1469 2081 1508 2119 et
1528 2082 1665 2134 opusc.
1687 2088 1757 2120 20.
1780 2081 1873 2134 cap.
1895 2073 2000 2132 22.)-

247 2201 326 2248 An
361 2214 599 2253 QUARTUM
625 2203 689 2246 sic
716 2202 988 2262 proceditur.
1014 2202 1219 2257 Videtur,
1254 2202 1377 2262 quod
1404 2216 1569 2260 corpus
1598 2201 1770 2247 Christi
1795 2215 1890 2246 non
1917 2199 2123 2245 debuerit

115 2311 118 2314 .
158 2282 267 2315 cum
293 2269 579 2315 cicatricibus
598 2283 860 2329 resurgere:
887 2270 1051 2314 dicitur
1068 2270 1192 2315 enim
1213 2284 1249 2314 1.
1269 2270 1324 2314 ad
1344 2270 1550 2314 Corinth.
1577 2282 1642 2327 15.
1670 2268 1792 2328 quod
1814 2269 1972 2313 mortui
1987 2283 2122 2313 resur-

154 2342 251 2397 gent
273 2337 538 2396 incorrupti:
566 2337 646 2381 sed
672 2347 717 2382 et
742 2337 992 2390 cicatrices,
1026 2347 1070 2381 et
1095 2336 1281 2382 vulnera
1316 2337 1371 2380 ad
1398 2336 1628 2396 quandam
1661 2335 2003 2395 corruptionem
2028 2349 2123 2394 per-

153 2404 318 2459 tinent,
344 2413 390 2448 et
409 2402 665 2459 defectum3
690 2417 786 2449 non
809 2417 920 2463 ergo
947 2403 1032 2449 fuit
1058 2404 1352 2459 conveniens,
1378 2413 1428 2447 ut
1465 2403 1689 2459 Christus,
1716 2403 1795 2462 qui
1826 2412 1896 2448 est
1925 2415 2120 2446 resurre-

160 2470 324 2525 ctionis
350 2479 524 2525 auctor,
550 2485 656 2516 cum
683 2470 968 2516 cicatricibus
993 2481 1262 2530 resurgeret.

222 2556 225 2558 ¹
247 2549 289 2582 2.
299 2537 597 2583 PRAETEREA.
617 2537 798 2597 Corpus
816 2538 988 2583 Christi
1008 2539 1238 2597 integrum
1249 2537 1505 2591 resurrexit,
1523 2537 1640 2582 sicut
1656 2537 1829 2582 dictum
1842 2546 1910 2580 est
1923 2536 2025 2594 (art.
2051 2550 2118 2581 12.

160 2603 249 2664 huj.
278 2604 369 2663 q.):
395 2605 475 2649 sed
501 2615 738 2665 aperturae
762 2605 1004 2650 vulnerum
1032 2605 1366 2650 contrariantur
1386 2604 1633 2663 integritati
1655 2603 1884 2663 corporis;
1912 2603 2019 2662 quia
2039 2616 2120 2661 per

161 2682 239 2715 eas
263 2670 622 2717 discontinuatur
643 2686 829 2731 corpus;
861 2687 956 2717 non
983 2686 1093 2731 ergo
1119 2672 1297 2716 videtur
1322 2671 1460 2716 fuisse
1487 2670 1779 2725 conveniens,
1805 2670 1927 2730 quod
1954 2670 2002 2714 in
2024 2683 2121 2714 cor-

161 2750 273 2797 pore
297 2736 469 2783 Christi
495 2749 731 2798 aperturae
755 2739 996 2784 vulnerum
1022 2749 1331 2784 remanerent:
1370 2739 1454 2784 etsi
1485 2747 1773 2782 remanerent
1797 2738 1859 2781 ibi
1891 2737 2119 2796 quaedam

161 2802 402 2848 vulnerum
423 2804 633 2864 insignia,
658 2820 775 2865 quae
797 2805 1079 2851 sufficiebant
1097 2806 1153 2850 ad
1180 2816 1431 2866 aspectum,
1451 2806 1506 2849 ad
1524 2819 1660 2865 quem
1680 2803 1889 2849 Thomas
1914 2803 2117 2857 credidit,

163 2869 236 2913 cui
260 2869 432 2913 dictum
457 2881 549 2915 est:
578 2872 694 2929 Quia
716 2873 858 2917 vidisti
874 2888 956 2927 me,
976 2874 1168 2935 Thomu,
1194 2873 1402 2918 credidisti
1429 2873 1575 2930 (Joan.
1599 2874 1707 2931 20).

227 2949 264 2995 3.
290 2935 585 2982 PRAETEREA.
617 2938 832 2984 Damasc.
866 2940 973 2984 dicit
1002 2940 1051 2983 in
1081 2952 1123 2995 4.
1156 2940 1230 2985 lib.
1254 2940 1403 2999 (Orth.
1436 2940 1533 2984 Fid.
1567 2947 1659 2999 cap.
1697 2953 1763 2998 19.
1798 2938 1852 2983 ad
1865 2939 1965 2997 fin.)
1994 2937 2118 2996 quod

165 3011 310 3062 «post
341 3004 718 3050 resurrectionem
749 3007 805 3051 de
840 3007 1025 3052 Christo
1058 3008 1267 3051 dicuntur
1301 3007 1526 3066 quaedam
1558 3021 1665 3051 vere
1693 3021 1808 3065 quae
1835 3019 1929 3049 non
1960 3004 2119 3048 habuit

161 3069 413 3115 secundum
449 3080 674 3126 naturam,
706 3073 784 3117 sed
809 3075 1061 3118 secundum
1103 3075 1505 3133 dispensationem,
1538 3074 1594 3118 ad
1627 3072 1969 3118 certificandum
1996 3071 2119 3130 quod

160 3137 310 3196 ipsum
346 3137 468 3196 quod
504 3151 688 3196 passum
725 3149 792 3184 est
828 3154 992 3200 corpus
1028 3142 1284 3196 resurrexit,
1312 3152 1360 3186 ut
1386 3142 1619 3185 cicatrices
1637 3155 1689 3194 »3
1723 3148 1928 3183 cessante
1964 3148 2118 3183 autem

161 3218 314 3258 causa,
341 3214 489 3248 cessat
515 3202 722 3259 effectus;
749 3219 859 3265 ergo
885 3207 1075 3260 videtur,
1103 3209 1224 3267 quod
1252 3207 1507 3252 certificatis
1534 3205 1763 3265 discipulis
1789 3205 1844 3248 de
1871 3219 1950 3248 sua
1977 3219 2121 3249 resur·

161 3270 377 3324 rectione,
407 3270 639 3315 cicatrices
657 3270 842 3317 ulterius
858 3287 952 3317 non
969 3274 1198 3319 habuerit:
1220 3276 1296 3319 sed
1323 3289 1418 3318 non
1446 3273 1746 3317 conveniebat
1763 3271 2119 3316 immutabilitati

161 3336 350 3396 gloriae,
376 3337 498 3397 quod
526 3337 695 3396 aliquid
722 3350 985 3395 assumeret,
1011 3342 1133 3400 quod
1165 3351 1383 3401 perpetuo
1416 3342 1461 3384 in
1495 3355 1551 3384 eo
1577 3353 1671 3383 non
1698 3348 1978 3382 remaneret:
2006 3351 2116 3398 ergo

157 3404 347 3459 videtur,
371 3404 492 3464 quod
515 3419 608 3448 non
631 3405 835 3450 debuerit
850 3420 1014 3465 corpus
1034 3421 1140 3451 cum
1157 3408 1441 3452 cicatricibus
1462 3407 1506 3450 in
1523 3405 1851 3450 resurrectione
1870 3418 2115 3448 resumere.

250 3471 345 3516 SED
372 3484 567 3532 CONTRA
600 3481 681 3526 est,
714 3472 834 3531 quod
861 3473 1090 3518 Dominus
1122 3474 1231 3518 dicit
1263 3474 1477 3518 Thomae
1503 3473 1632 3530 Joan.
1668 3484 1762 3515 20.:
1796 3472 1913 3530 Infer
1936 3471 2116 3530 digitum

161 3544 279 3583 tuum
310 3538 405 3593 huc,
431 3544 469 3583 et
488 3537 583 3583 vide
612 3553 759 3583 manus
783 3553 907 3594 meas,
934 3545 971 3586 et
995 3540 1097 3600 affer
1127 3556 1299 3586 manum
1326 3547 1456 3594 tuam,
1490 3546 1526 3583 et
1551 3541 1667 3583 mitte
1691 3540 1736 3582 in
1763 3538 1872 3583 latus
1896 3553 2050 3592 meum,
2078 3544 2117 3583 et

136 3626 139 3627 ⁷
159 3604 247 3650 noli
267 3618 343 3651 esse
363 3604 612 3661 incredulus,
639 3604 705 3651 sed
715 3604 865 3664 fidelis.
