2352 3926
568 239 848 286 Qufflsrro
891 239 1427 280 xxX1v.ART1cm.us
1469 240 1525 279 11.
1942 223 2047 295 289

32 342 157 393 ,efft
175 354 344 399 motuS,
361 343 437 403 qui
463 343 519 387 sit
545 353 671 387 actus
697 341 947 402 imperfecti
976 342 1119 402 (quod
1147 343 1402 387 successive
1428 341 1693 401 perficitur),
1720 340 1799 386 sed
1826 350 1895 385 est
1921 351 2048 386 actus

13 372 61 456 ἐξ·
51 402 178 474 {am
204 410 405 472 perfecti,
433 419 481 454 ut
507 409 704 454 dicitur‘
693 424 739 453 1n
770 423 806 468 3.
835 409 889 453 de
909 409 1079 452 Anima
1106 411 1206 467 (tex.
1231 411 1339 467 28)
1366 420 1410 454 et
1432 410 1535 453 ideo
1560 408 1803 453 dicendum
1827 418 1907 463 est,
1925 408 2047 468 quod

9 474 63 531 {ss.
80 475 336 527 &hristus
323 493 369 522 m
395 477 545 537 primo
571 476 756 521 instanti
778 490 886 520 suae
914 476 1229 535 conceptionis
1259 477 1416 520 habuit
1442 491 1577 521 usum
1603 475 1732 520 liberi
1757 443 1939 520 arbitrii.

183 545 260 591 AD
292 557 480 591 PRmUM
504 557 613 602 ergo
633 542 895 595 dicendum,
917 543 1038 601 quod
1065 557 1163 587 esse
1191 553 1258 587 est
1283 544 1404 602 prius
1427 554 1602 597 natura,
1620 557 1758 602 quarn
1777 557 1931 602 agere:
1955 557 2049 587 non

83 620 239 659 tamen
266 621 333 656 est
358 611 479 670 prius
504 622 726 669 tempore,
753 610 830 654 sed
858 580 995 653 simul
1022 624 1127 653 cum
1156 624 1295 668 agens
1322 610 1459 654 habet
1481 624 1578 654 esse
1601 609 1866 669 perfectum,
1893 609 2052 670 incipit

85 685 236 739 agere,
260 678 348 723 nisi
374 678 431 722 sit
458 677 626 736 aliquid
653 675 930 736 impediens:
954 676 1209 735 sicutignis
1232 676 1371 720 simul
1393 678 1501 720 dum
1526 689 1779 735 generatur,
1802 677 1960 738 incipit
1982 692 2052 722 ca-

0 755 18 792 t
83 744 298 799 lesacere‚
341 754 385 789 et
426 743 710 798 illuminare;
742 743 821 787 sed
853 742 1093 787 calefactio
1126 757 1220 787 non
1251 744 1518 787 terminatur
1552 744 1597 787 in
1631 745 1829 798 instanti,
1862 744 1940 788 sed
1971 759 2052 805 per

82 814 302 871 temporis
329 811 690 864 successionem;
717 810 991 854 illuminatio
1021 821 1174 854 autem
1201 809 1429 869 perficitur
1454 811 1501 854 in
1528 811 1731 855 instanti:
1757 822 1801 856 et
1822 811 1924 856 talis
1947 826 2052 872 ope-

83 878 200 924 ratio
228 875 298 924 est
322 891 430 922 usus
457 877 585 921 liberi
609 877 793 931 arbitrii,
821 887 870 920 ut
896 877 1067 920 dictum
1097 887 1163 921 est
1192 873 1256 933 (in
1279 885 1394 936 corp.
1423 878 1541 935 art).

173 945 250 990 AD
277 957 538 990 SECUNDUM
565 944 824 998 dicendum,
852 945 974 1002 quod
1002 943 1139 987 simul
1162 958 1268 987 cum
1293 944 1563 988 terminatur
1591 945 1849 1000 consilium,
1874 946 1947 991 vel
1974 946 2051 991 de-

85 1011 309 1066 liberatio,
341 1020 491 1071 potest
523 1025 621 1055 esse
656 1010 843 1064 electio;
876 1009 943 1053 illi
976 1019 1128 1054 autem
1161 1011 1239 1069 qui
1271 1010 1597 1055 deliberatione
1627 1012 1806 1056 consilii
1831 1014 2050 1073 indigent,

83 1077 131 1124 in
155 1080 252 1138 ipsa
277 1077 597 1122 terminatione
626 1076 805 1122 consilii
830 1078 979 1136 primo
1007 1077 1177 1121 habent
1204 1078 1521 1122 certitudinem
1539 1078 1593 1122 de
1612 1078 1855 1137 eligendis:
1881 1090 1924 1124 et
1945 1081 2050 1125 ideo

82 1160 178 1191 non
202 1145 355 1190 statim
388 1145 583 1204 eligunt:
612 1159 665 1188 ex
691 1158 782 1204 quo
804 1154 944 1203 patet,
974 1145 1096 1203 quod
1124 1143 1390 1188 deliberatio
1419 1145 1599 1188 consilii
1624 1159 1718 1189 non
1746 1147 2051 1206 praeexigitur

84 1212 141 1258 ad
174 1211 464 1265 electionem,
497 1211 584 1255 nisi
615 1221 801 1270 propter
826 1211 1168 1270 inquisitionem
1197 1211 1381 1256 incerti:
1412 1211 1621 1256 Christus
1649 1222 1801 1256 autem
1829 1213 1874 1257 in
1902 1217 2050 1273 primo

82 1281 265 1326 instanti
298 1293 406 1323 suae
439 1278 770 1337 conceptionis,
803 1279 919 1322 sicut
950 1278 1109 1322 habuit
1140 1277 1472 1337 plenitudinem
1505 1279 1676 1337 gratiae
1709 1280 2051 1335 sanctificantis,

0 1386 2 1388 ,
83 1347 146 1391 ita
170 1346 328 1391 habuit
354 1345 683 1404 plenitudinem
709 1346 909 1389 veritatis
938 1346 1164 1404 cognitae,
1191 1346 1443 1389 secundum
1471 1346 1582 1389 illud
1610 1347 1751 1404 (Joan.
1774 1363 1795 1392 r
1800 1347 1852 1404 .:)
1877 1348 2052 1392 Plenum

0 1427 7 1471 ξ
81 1415 261 1473 gratiae,
295 1419 330 1457 et
353 1414 569 1457 veritatis.-
604 1413 722 1456 unde
755 1412 884 1471 quasi
915 1412 1088 1456 habens
1122 1414 1331 1456 omnium
1365 1413 1696 1467 certitudinem,
1724 1415 1872 1473 potuit
1897 1416 2050 1460 statim

0 1477 5 1496 ³
83 1481 130 1525 in
157 1479 343 1524 instanti
368 1478 549 1538 eligere.

0 1587 5 1604 ἓ
175 1547 251 1592 An
279 1559 496 1591 TERTIUM
523 1545 783 1599 dicendum,
810 1547 933 1604 quod
958 1544 1214 1589 intellectus
1242 1546 1413 1590 Christi
1440 1546 1692 1590 secundum
1719 1547 1959 1592 scientiam
1990 1549 2053 1592 in-

83 1613 231 1659 fusam
255 1622 435 1673 poterat
459 1613 728 1671 intelligere,
751 1613 888 1656 etiam
910 1627 1004 1657 non
1029 1613 1337 1657 convertendo
1356 1628 1403 1657 se
1422 1615 1476 1657 ad
1500 1613 1834 1673 phantasmata,
1851 1625 1901 1659 ut
1917 1630 2052 1675 supra

84 1681 292 1726 habiturn
318 1686 387 1725 est
411 1680 471 1738 (q.
495 1695 553 1725 ιι.
580 1686 661 1724 art.
690 1696 723 1724 r.
753 1679 806 1723 ad
828 1695 866 1724 2.
894 1686 932 1723 et
957 1685 1036 1723 art.
1066 1680 1146 1736 2.):
1179 1680 1299 1724 unde
1333 1691 1511 1739 poterat
1541 1681 1588 1724 in
1622 1695 1679 1725 eo
1712 1695 1811 1726 esse
1845 1683 2051 1741 operatio

86 1747 349 1802 voluntatis,
375 1756 421 1791 et
445 1746 701 1790 intellectus
729 1747 896 1806 absque
925 1747 1191 1805 operatione
1225 1761 1405 1792 sensus:
1440 1747 1518 1791 sed
1549 1757 1705 1791 tamen
1737 1749 1884 1806 potuit
1914 1749 1962 1792 in
1995 1763 2050 1794 eo

86 1828 186 1860 esse
212 1812 361 1858 etiam*
378 1813 584 1872 operatio
603 1826 761 1857 sensus
779 1813 824 1856 in
843 1815 991 1871 primo
1010 1813 1195 1857 instanti
1215 1828 1322 1857 suae
1346 1815 1675 1873 conceptionis,
1699 1816 1897 1859 maxime
1916 1830 2052 1875 quan·

84 1892 183 1927 tum
216 1881 271 1925 ad
301 1894 487 1925 sensum
517 1889 693 1933 tactus;
726 1894 817 1939 quo
850 1894 987 1923 sensu
1021 1880 1171 1938 proles
1207 1891 1430 1940 concepta
1462 1882 1599 1926 sentit
1629 1883 1676 1926 in
1709 1893 1870 1936 matre,
1908 1883 2047 1928 etiam

86 1958 333 2007 antequam
359 1947 561 1990 animam
588 1946 860 1990 rationalem
887 1947 1102 2001 obtineat,
1126 1957 1175 1991 ut
1196 1948 1358 1991 dicitur
1379 1949 1425 1991 in
1448 1947 1524 1993 lib.
1544 1961 1583 1991 2.
1602 1950 1657 1992 de
1678 1948 1846 1993 Gener.
1865 1950 2050 1994 animal.

0 2065 10 2070 „
89 2014 201 2075 (cap.
218 2030 254 2074 3.
277 2029 303 2058 a
322 2016 461 2074 princ.
484 2021 523 2058 et
543 2021 633 2073 cap.
655 2028 696 2071 4.
726 2028 751 2057 a
771 2013 918 2071 med.).·
946 2014 1063 2058 unde
1093 2028 1198 2057 cum
1227 2015 1437 2060 Christus
1471 2018 1515 2059 in
1548 2016 1697 2074 primo
1724 2017 1909 2060 instanti
1941 2031 2050 2061 suae

0 2075 27 2187 ᾗ
90 2081 405 2158 conceptionis
430 2081 640 2124 habuerit
667 2080 869 2124 animam
894 2079 1186 2135 rationalem,
1213 2080 1451 2126 formato
1441 2097 1549 2140 jam,
1582 2093 1625 2126 et
1659 2084 1923 2141 organizato
1957 2099 2052 2128 cor-

86 2161 199 2208 pore
226 2149 336 2206 ejus,
363 2147 509 2192 multo
536 2147 684 2205 magis
710 2147 756 2191 in
790 2147 983 2192 eodem
973 2149 1158 2192 instanti
1173 2158 1354 2207 poterat
1369 2149 1538 2194 habere
1561 2151 1877 2209 operationem
1893 2165 2050 2196 sensus

0 2195 26 2314 ξ
85 2224 248 2260 tactus.

0 2315 8 2346 ι

778 2375 1213 2435 ARTICULUS
1257 2378 1357 2432 III.
1959 2395 2052 2440 -186

202 2512 394 2552 UTRUM
436 2512 702 2560 CHRISTUS
744 2513 800 2551 IN
839 2513 1007 2551 PRIMO
1049 2513 1310 2551 INSTANTI
1353 2513 1489 2561 SUAE
1531 2513 1938 2552 CONCEPTIONIS

795 2595 992 2633 MERERI
1033 2595 1331 2633 POTUERIT.

149 2702 200 2763 (3.
227 2705 339 2749 Dist.
365 2719 425 2763 23.
453 2719 492 2763 q.
518 2719 553 2749 1.
581 2710 661 2748 art.
688 2718 728 2749 2.
755 2719 794 2763 q.
816 2719 851 2763 3.
879 2710 916 2748 et
941 2705 1052 2748 Dist.
1079 2718 1144 2761 14.
1168 2711 1248 2749 art.
1273 2719 1308 2764 3.
1337 2720 1375 2764 q.
1399 2706 1440 2751 6.
1465 2712 1500 2750 et
1522 2707 1635 2750 Dist.
1652 2707 1716 2752 18.
1740 2713 1821 2751 art.
1838 2722 1875 2767 3.
1899 2715 1937 2753 et
1953 2722 1990 2768 5.

438 2777 477 2816 et
510 2771 620 2815 Veri.
647 2785 684 2830 q.
713 2786 780 2830 29.
815 2777 895 2815 art.
922 2772 962 2816 8.
991 2778 1029 2816 et
1055 2779 1191 2831 opusc.
1224 2787 1265 2816 2.
1294 2781 1383 2832 cap.
1410 2787 1494 2832 213.
1521 2779 1558 2818 et
1582 2774 1712 2831 214).

19 2927 32 2941 -.
178 2880 254 2926 AD
280 2894 495 2927 TERTIUM
523 2882 587 2926 sic
610 2882 884 2941 proceditur.
907 2882 1111 2937 Videtur,
1135 2884 1256 2942 quod
1281 2884 1490 2929 Christus
1507 2885 1553 2928 in
1575 2887 1724 2944 primo
1741 2886 1925 2931 instanti
1943 2901 2051 2931 suae

28 2944 33 2968 z
89 2948 403 3007 conceptionis
429 2949 593 2993 mereri
618 2963 712 2993 non
739 2950 958 3008 potuerit:
988 2951 1103 2994 sicut
1131 2950 1254 2995 enim
1280 2966 1329 2995 se
1356 2951 1494 2996 habet
1518 2951 1711 2996 liberum
1745 2954 1975 2998 arbitrium
1995 2954 2051 2998 ad

88 3015 375 3069 merendum,
401 3015 463 3059 ita
490 3016 545 3060 ad
573 3016 924 3062 demerendum:
950 3017 1029 3061 sed
1054 3017 1262 3062 diabolus
1287 3018 1332 3061 in
1360 3019 1510 3077 primo
1538 3020 1722 3063 instanti
1739 3034 1846 3064 suae
1866 3022 2054 3065 creatio-

87 3083 158 3128 nis
189 3096 282 3127 non
316 3083 462 3141 potuit
493 3096 699 3142 peccare,
742 3093 791 3127 ut
833 3085 878 3127 in
916 3098 951 3128 1.
984 3084 1192 3128 habitum
1238 3095 1306 3129 est
1339 3085 1396 3144 (q.
1431 3085 1492 3142 63.
1526 3092 1607 3130 art.
1635 3086 1696 3145 5.)
1709 3102 1724 3138 ,·
1760 3101 1869 3145 ergo
1901 3101 2050 3147 neque

89 3150 241 3194 anima
268 3149 441 3194 Christi
466 3149 512 3193 in
543 3150 692 3209 primo
725 3150 908 3194 instanti
940 3165 1048 3195 suae
1082 3152 1339 3206 creationis,
1373 3152 1495 3211 quod
1527 3152 1610 3197 fuit
1641 3154 1840 3212 primum
1871 3154 2043 3199 instans

90 3217 405 3275 conceptionis
432 3215 618 3269 Christi,
640 3217 786 3275 potuit
811 3217 989 3261 mereri.

44 3330 45 3334 ,
179 3297 220 3329 2.
247 3283 542 3327 PRAETEREA.
570 3281 686 3327 Illud
713 3283 835 3342 quod
861 3284 1006 3328 horno
1033 3284 1170 3329 habet
1195 3286 1242 3329 in
1270 3286 1418 3345 primo
1446 3286 1630 3330 instanti
1656 3301 1766 3330 suae
1793 3289 2053 3346 conceptio-

42 3346 50 3402 [
88 3349 175 3404 nis,
199 3350 375 3394 videtur
400 3349 442 3393 ei
466 3362 565 3393 esse
591 3349 824 3404 naturale;
846 3352 951 3409 quia
977 3351 1066 3395 hoc
1095 3362 1176 3407 est,
1203 3353 1257 3396 ad
1281 3353 1402 3411 quod
1426 3354 1692 3397 terminatur
1713 3368 1793 3397 sua
1816 3356 2050 3413 generatio

89 3416 326 3462 naturalis.
354 3415 432 3460 sed
458 3414 736 3460 naturalibus
760 3431 854 3460 non
882 3431 1126 3472 meremur,
1159 3428 1207 3462 ut
1246 3429 1368 3478 patet
1401 3433 1453 3464 ex
1485 3420 1556 3463 his
1582 3434 1697 3478 quae
1724 3421 1844 3464 dicta
1870 3432 1974 3466 sunt
2004 3423 2050 3466 in

50 3479 68 3527 ί
91 3484 290 3529 secunda
315 3492 440 3543 parte
467 3482 566 3540 (r-.2
593 3497 631 3541 q.
657 3496 727 3539 24.
754 3488 835 3527 art.
862 3499 896 3528 1.
924 3484 977 3528 ad
997 3499 1034 3543 3.
1061 3492 1100 3530 et
1124 3500 1207 3531 2-2.
1235 3501 1273 3544 q.
1300 3487 1384 3544 158.
1409 3493 1488 3530 art.
1516 3501 1555 3531 2.
1583 3486 1637 3530 ad
1662 3488 1746 3544 1)
1786 3501 1895 3547 ergo
1933 3489 2052 3534 vide-

47 3583 83 3602 2
92 3559 177 3605 tur,
203 3551 325 3627 quod
351 3564 458 3594 usus
484 3549 612 3593 liberi
640 3549 823 3603 arbitrii,
855 3564 992 3609 quern
1026 3551 1234 3596 Christus
1267 3553 1425 3596 habuit
1457 3553 1705 3597 secundum
1733 3554 1972 3600 hominem
2004 3557 2049 3600 in

24 3610 85 3656 ’Ὗῖἰ
73 3617 242 3677 primo
267 3617 450 3662 instanti
476 3630 584 3660 suae
612 3616 937 3674 conceptionis,
964 3632 1056 3661 non
1083 3618 1217 3663 fuerit
1244 3619 1514 3663 meritorius.

277 3721 314 3755 S.
338 3720 492 3754 Tuomu
520 3719 651 3753 Summa
685 3718 886 3763 Theologica.
915 3719 996 3754 Vol.
1023 3719 1085 3754 IV.
1835 3735 1872 3767 ¹9
