2352 3926
303 207 412 277 386
819 221 1098 267 QUAESTIO
1138 223 1637 264 xtv1.ART1<:ums
1675 226 1753 265 111.

300 324 578 369 conveniens
612 340 636 365 ι(
658 323 713 367 ad
738 324 1012 368 vincendam
1038 325 1297 384 superbiam
1329 325 1513 380 diaboli,
1546 327 1624 386 qui
1651 337 1724 372 est
1754 328 1956 377 desertor
1979 331 2192 390 iustitiae,
2218 342 2264 378 et

300 402 479 435 amator
504 386 748 449 potentiae,
775 401 824 434 ut
850 391 1059 436 Christus
1084 392 1319 437 diabolum
1344 393 1560 449 vinceret,
1587 404 1632 439 et
1655 395 1896 441 hominem
1917 396 2142 454 liberaret,
2166 413 2263 449 non

298 472 378 517 per
403 458 552 502 solam
583 458 835 516 potentiam
869 459 1073 512 deitatis,
1095 459 1173 503 sed
1207 460 1346 504 etiam
1378 474 1458 518 per
1490 462 1723 518 justitiam,
1757 473 1801 508 et
1829 463 2138 513 humilitatem
2165 480 2264 526 pas-
2298 478 2310 483 “

299 527 499 579 sionis»,
523 535 572 569 ut
597 525 790 583 August.
819 526 926 570 dicit
963 539 1029 585 13.
1057 526 1113 570 de
1141 525 1304 571 Trinit.
1330 527 1439 586 (cap.
1461 540 1519 587 13.
1546 542 1610 585 14.
1634 535 1671 573 et
1691 528 1786 588 15..)

1004 702 1438 760 ARTICULUS
1481 704 1577 760 IV.
2123 772 2127 776 ,
2176 735 2262 783 249

625 838 818 876 UTRUM
852 837 1118 877 CHRISTUS
1152 839 1279 877 ΡΑΤΙ
1313 840 1587 878 DEBUERIT
1628 842 1685 880 IN
1727 839 1923 880 CRUCE·

412 948 467 1007 (3.
495 949 606 992 Dist.
633 962 704 994 20.
731 954 810 992 art.
833 961 876 1006 4.
903 963 941 1007 q.
969 963 1008 993 2.
1036 949 1090 993 ad
1115 965 1149 994 1.
1177 955 1214 994 et
1240 950 1311 994 lib.
1337 963 1380 1006 4.
1408 949 1555 994 Contr.
1581 965 1622 1008 g.
1649 958 1738 1009 cap.
1761 965 1818 1010 55.
1846 950 1900 995 ad
1924 963 1988 1012 17.
2014 957 2052 996 et
2076 953 2141 998 18.

750 1022 788 1060 et
803 1030 844 1061 2.
865 1016 1018 1073 Quodl.
1037 1031 1075 1075 q.
1094 1032 1129 1061 1.
1148 1023 1228 1062 art.
1252 1031 1287 1061 2.
1305 1023 1341 1061 et
1358 1024 1492 1075 opusc.
1510 1031 1550 1062 2.
1574 1026 1667 1076 cap.
1685 1017 1814 1076 236).

383 1127 459 1172 An
487 1140 725 1177 QUARTUM
757 1127 822 1171 sic
855 1128 1128 1186 proceditur.
1164 1127 1355 1171 Videtur
1392 1128 1514 1186 quod
1549 1127 1756 1172 Christus
1792 1142 1887 1172 non
1923 1128 2127 1175 debuerit
2166 1131 2260 1190 pati

291 1194 339 1238 in
367 1209 526 1239 cruce:
554 1195 720 1239 veritas
748 1196 871 1239 enim
896 1195 1028 1239 debet
1054 1196 1329 1253 respondere
1361 1194 1559 1252 figurae:
1594 1195 1672 1238 sed
1699 1195 1744 1238 in
1771 1195 1916 1254 figura
1943 1196 2115 1241 Christi
2137 1212 2262 1256 prae-

294 1272 528 1307 cesserunt
554 1263 710 1306 omnia
732 1263 951 1306 sacrificia
978 1263 1144 1306 veteris
1168 1261 1470 1316 Testamenti,
1497 1263 1543 1305 in
1571 1262 1731 1320 quibus
1759 1262 1973 1307 animalia
1998 1264 2154 1322 gladio
2186 1279 2262 1311 ne-

294 1330 526 1383 cabantur,
550 1340 594 1373 et
619 1330 918 1387 postmodum
946 1330 1042 1387 igni
1069 1329 1408 1382 cremabantur3
1437 1343 1546 1386 ergo
1572 1329 1762 1383 videtur,
1786 1329 1908 1387 quod
1930 1329 2140 1377 Christus
2165 1345 2260 1376 non

292 1396 497 1441 debuerit
523 1397 615 1456 pati
642 1398 686 1440 in
715 1411 864 1450 cruce,
898 1397 976 1440 sed
1011 1397 1158 1454 magis
1182 1395 1350 1454 gladio,
1377 1395 1487 1439 vel
1477 1410 1595 1454 igne.

384 1477 422 1508 2.
450 1465 748 1509 PRAETEREA.
783 1464 999 1507 Damaso.
1034 1464 1142 1507 dicit
1177 1464 1270 1519 (lib.
1292 1478 1327 1522 3.
1360 1463 1482 1507 Orth.
1515 1462 1608 1507 Fid.
1637 1470 1729 1522 cap.
1755 1462 1867 1520 20),
1893 1463 2016 1522 quod
2049 1451 2260 1510 Christus
2334 1463 2340 1468 ”

290 1546 385 1575 non
413 1532 618 1575 debuerit
641 1545 871 1576 assumere
899 1530 1204 1575 detractibiles
1222 1531 1481 1589 passiones:
1500 1529 1578 1574 sed
1606 1544 1730 1573 mors
1754 1530 1901 1574 crucis
1925 1530 2103 1576 videtur
2122 1529 2261 1579 fuisse

291 1602 491 1643 maxime
519 1598 829 1652 detractibilis,
858 1608 902 1642 et
926 1598 1261 1656 ignominiosa:
1290 1597 1409 1641 unde
1437 1598 1601 1640 dicitur
1628 1597 1733 1656 Sap.
1762 1609 1828 1640 2.:
1852 1598 1992 1643 Morte
2018 1600 2262 1658 turpissima

289 1667 600 1711 condemnemus
631 1681 752 1718 eum;
789 1680 898 1724 ergo
942 1665 1132 1719 videtur,
1168 1665 1290 1724 quod
1327 1665 1536 1709 Christus
1568 1678 1662 1707 non
1701 1664 1907 1709 debuerit
1939 1665 2035 1724 pati
2060 1675 2260 1713 mortem

290 1735 451 1778 crucis.
1679 1729 1681 1731 ¹

241 1805 245 1807 “
382 1817 418 1861 3.
446 1803 742 1846 PRAETEREA.
771 1800 843 1845 De
869 1800 1055 1845 Christo
1083 1801 1268 1845 dicitur:
1297 1800 1549 1853 Benedictus,
1578 1801 1650 1858 qui
1669 1801 1784 1843 venit
1807 1801 1854 1843 in
1874 1802 2043 1847 nomine
2062 1801 2257 1857 Domini,

288 1879 337 1912 ut
363 1879 487 1928 patet
510 1869 625 1912 Matt
664 1903 675 1912 .
703 1881 798 1913 21.:
825 1868 905 1912 sed
925 1882 1050 1913 mors
1069 1868 1215 1912 crucis
1233 1877 1330 1911 erat
1355 1881 1480 1911 mors
1499 1865 1850 1922 maledictionis,
1867 1866 2120 1913 secundum
2145 1861 2257 1915 illud

287 1937 474 1981 Deuter.
502 1950 595 1981 21.:
625 1936 872 1980 Maledictus
893 1942 949 1980 est
981 1951 1006 1979 a
1032 1937 1140 1990 Dec),
1164 1937 1236 1994 qui
1248 1934 1402 1994 pendet
1429 1937 1473 1978 in
1499 1935 1636 1992 ligno:
1664 1947 1775 1992 ergo
1796 1933 1989 1989 videtur,
2013 1935 2138 1994 quod
2162 1949 2259 1982 non

285 2003 421 2049 fuerit
447 2004 725 2048 conveniens
753 2003 989 2048 Christum
1018 2002 1234 2060 crncifigi.

376 2071 469 2116 SED
493 2084 690 2115 CONTRA
718 2081 799 2124 est,
826 2070 948 2128 quod
975 2069 1138 2113 dicitur
1163 2068 1358 2128 Philipp.
1388 2081 1448 2114 2.:
1478 2069 1635 2113 Factus
1656 2074 1711 2114 est
1732 2068 1917 2114 obediens
1932 2084 2056 2128 usque
2072 2068 2127 2114 ad
2143 2085 2259 2116 mor-

287 2144 379 2192 tem,
407 2133 583 2182 mortem
609 2145 753 2187 autem
779 2139 927 2182 crucis.

373 2205 664 2250 RESPONDEO
693 2204 951 2258 dicendum,
980 2204 1102 2263 quod
1131 2203 1617 2248 convenientissimum
1643 2202 1741 2257 fuit,
1765 2202 2003 2248 Christum
2023 2203 2118 2263 pati
2138 2217 2259 2249 mor·

283 2283 379 2318 tem
416 2273 583 2317 crucis:
616 2274 759 2332 primo
799 2272 983 2330 quidem
1016 2281 1201 2330 propter
1234 2270 1496 2329 exemplum
1529 2270 1730 2316 virtutis:
1763 2270 1872 2316 dicit
1902 2271 2029 2316 enim
2053 2271 2175 2331 Aug.
2208 2272 2256 2316 in

282 2340 359 2385 lib.
387 2340 457 2398 83.
488 2339 600 2393 QQ.
629 2338 686 2398 (q.
708 2339 802 2398 35.):
834 2355 857 2380 «
882 2340 1115 2398 Sapientia
1141 2339 1230 2382 Dei
1258 2339 1499 2382 hominem
1527 2333 1582 2383 a'd
1610 2337 1888 2396 exemplum,
1915 2333 2006 2398 quo
2033 2349 2156 2383 recte
2187 2339 2255 2384 vi-

282 2421 509 2461 veremus,
536 2407 755 2465 suscepit;
783 2406 977 2465 pertinet
1004 2416 1159 2450 autem
1192 2405 1248 2449 ad
1275 2406 1416 2449 vitam
1442 2414 1631 2458 rectam,
1665 2418 1719 2448 ea
1753 2419 1869 2463 quae
1901 2419 1996 2451 non
2029 2415 2134 2452 sunt
2160 2419 2257 2451 :me-

282 2474 465 2528 tuenda,
492 2488 587 2518 non
614 2483 840 2517 metuere:
870 2483 973 2517 sunt
999 2484 1153 2517 autem
1180 2472 1407 2525 homines,
1435 2471 1512 2530 qui
1538 2472 1747 2530 quamvis
1772 2481 1970 2517 mortem
1989 2473 2138 2531 ipsam
2154 2486 2255 2517 non

283 2541 487 2595 timeant,
516 2555 658 2599 genus
683 2550 838 2584 tamen
866 2540 1026 2583 mortis
1052 2541 1349 2592 horrescunt3
1378 2549 1428 2582 ut
1449 2552 1559 2596 ergo
1582 2537 1761 2582 nullum
1784 2553 1927 2597 genus
1948 2539 2109 2586 mortis
2131 2549 2254 2589 recte

282 2608 454 2653 viventi
487 2607 667 2651 homini
703 2607 1001 2650 metuendum
1040 2617 1170 2660 esset,
1214 2606 1333 2649 illius
1369 2605 1572 2648 hominis
1609 2619 1743 2648 cruce
1781 2605 2115 2651 ostendendum
2142 2603 2251 2653 fuit:

282 2674 397 2720 nihil
429 2675 551 2718 enim
580 2684 675 2718 erat
701 2675 817 2718 inter
843 2675 999 2717 omnia
1026 2688 1193 2732 genera
1221 2673 1380 2716 mortis
1407 2672 1488 2715 illo
1516 2685 1683 2729 genere
1706 2671 2017 2726 execrabilius,
2034 2682 2081 2717 et
2099 2671 2255 2717 formi-

284 2742 476 2787 dabilius
494 2757 543 2785 »ι
570 2741 760 2795 secundo,
789 2741 894 2799 quia
920 2741 1009 2784 hoc
1044 2755 1186 2798 genus
1223 2740 1384 2783 mortis
1421 2740 1619 2783 maxime
1659 2739 1936 2784 conveniens
1963 2749 2059 2784 erat
2084 2738 2254 2785 satisfa-

284 2809 426 2854 ctioni
451 2823 533 2868 pro
561 2818 752 2867 peccato
779 2808 914 2866 primi
940 2808 1151 2866 parentis,
1179 2807 1301 2866 quod
1333 2806 1416 2850 fuit
1449 2820 1502 2850 ex
1535 2820 1606 2859 eo,
1633 2805 1757 2864 quod
1790 2816 1950 2851 contra
1981 2806 2251 2853 mandatum

283 2878 374 2922 Dei
399 2891 591 2936 pomum
616 2875 730 2934 ligni
755 2876 882 2920 vetiti
908 2877 1120 2934 sumpsit:
1150 2885 1195 2919 et
1225 2874 1330 2918 ideo
1365 2871 1644 2918 conveniens
1675 2872 1772 2927 fuit,
1794 2874 1923 2933 quod
1946 2873 2160 2920 Christus
2195 2874 2251 2920 ad

282 2944 652 2989 satisfaciendum
676 2957 756 3002 pro
779 2942 859 2986 il-lo
883 2952 1072 3000 peccato
1091 2942 1289 2999 seipsum
1309 2950 1537 2999 pateretur
1554 2939 1681 2998 ligno
1700 2939 1837 2999 affigi,
1854 2941 1985 2999 quasi
2010 2941 2251 2987 restituens

282 3012 404 3071 quod
433 3012 584 3056 Adam
611 3009 867 3062 sustulerat,
893 3009 1147 3053 secundum
1174 3008 1285 3052 illud
1313 3007 1431 3052 Psal.
1458 3007 1553 3062 48.:
1592 3008 1712 3064 Quae
1738 3022 1822 3052 non
1850 3009 1992 3068 rapui,
2018 3014 2115 3053 tunc
2140 3008 2248 3061 ml-

281 3081 457 3124 veham:
486 3078 606 3122 unde
621 3077 815 3135 August.
834 3076 943 3120 dicit
959 3076 1003 3118 in
1023 3077 1225 3134 quodam
1248 3088 1462 3119 sermone
1493 3074 1548 3118 de
1564 3074 1788 3119 Passione
1809 3075 1994 3135 (implic.
2015 3089 2139 3120 serm.
2158 3090 2251 3123 101.

283 3146 329 3191 de
364 3147 503 3205 Temp.
531 3151 625 3190 ante
650 3143 802 3201 med.).·
842 3142 1180 3200 «Contempsit
1208 3143 1358 3185 Adam
1393 3151 1702 3200 praeceptum,
1740 3141 1968 3201 accipiens
1999 3155 2054 3187 ex
2086 3141 2249 3197 arbore

283 3227 472 3271 pomum
490 3227 499 3255 :
527 3211 605 3256 sed
629 3209 844 3270 quidquid
867 3209 1019 3252 Adam
1042 3209 1248 3267 perdidit,
1268 3208 1547 3253 Christus·in
1566 3221 1700 3252 cruce
1718 3207 1892 3254 invenit
1911 3221 1971 3253 »1⁴
1988 3208 2251 3259 coniuratio

284 3290 365 3335 est,
390 3280 510 3338 quia,
537 3289 584 3323 ut
612 3278 851 3336 Chrysost.
879 3276 987 3320 dicit
1014 3277 1060 3319 in
1099 3289 1314 3319 sermone
1341 3275 1396 3319 de
1425 3275 1643 3320 Passione
1677 3274 1764 3332 (seu
1787 3275 1933 3321 homil.
1957 3274 2006 3321 dc
2030 3273 2252 3332 Crm,-et

283 3347 470 3391 Latrone
491 3347 697 3404 aliquant.
721 3359 746 3388 α
760 3343 939 3403 princ),
971 3358 994 3383 α
1017 3343 1062 3385 in
1091 3341 1271 3385 excelso
1306 3341 1446 3400 ligno,
1475 3351 1520 3386 et
1540 3356 1634 3385 non
1662 3342 1742 3385 sub
1768 3351 1892 3386 tecto
1914 3354 2073 3402 passus
2099 3351 2251 3397 estrat

284 3414 422 3457 etiam
450 3413 587 3471 ipsius
616 3412 731 3456 aeris
756 3421 917 3454 natura
943 3409 1209 3454 mundetur:
1237 3410 1314 3453 sed
1342 3409 1509 3467 etipsa
1534 3418 1652 3452 terra
1679 3406 1828 3453 simile
1854 3407 2129 3456 beneficium
2150 3421 2250 3455 sen·
2280 3453 2284 3456 .

283 3481 436 3533 tiebat,
463 3479 741 3524 decurrentis
775 3478 829 3522 de
861 3476 1001 3522 latere
1034 3475 1265 3534 sanguinis
1298 3475 1543 3520 stillatione
1577 3475 1797 3519 mundata
1817 3490 1868 3520 n:
1902 3485 1947 3521 et
1969 3489 2107 3535 super
2132 3474 2248 3530 illud

278 3547 407 3605 Joan.
445 3560 534 3606 3o.:
566 3547 741 3606 Oportet
771 3546 951 3591 exaltari
981 3544 1117 3603 filium
1153 3543 1347 3597 hominis,
1385 3542 1493 3587 dicit
1535 3541 1915 3602 Theophylactus
1955 3542 2013 3600 (et
2043 3542 2247 3591 Athann

284 3615 356 3661 lib.
382 3614 428 3660 de
453 3615 646 3661 Passione
671 3620 708 3660 et
737 3614 870 3660 Cruce
904 3612 1104 3667 Domini,
1140 3626 1167 3655 a
1202 3609 1349 3667 med.):
1380 3626 1403 3651 «
1425 3609 1625 3655 Exaltari
1660 3610 1865 3665 audiens,
1900 3609 2248 3670 suspensionem
