2352 3926
243 250 350 306 492
711 291 718 303 ,
778 244 1057 292 QUAESTIO
1098 244 1206 284 le.
1248 243 1562 284 ARTIeuLus
1600 243 1657 284 11.

237 353 378 410 princ.
405 357 443 395 et
469 349 594 407 med.)
622 347 745 408 quod
772 364 795 389 «
821 347 1169 406 participatione
1194 346 1286 391 Dei
1309 345 1360 391 fit
1386 345 1540 390 anima
1563 346 1711 400 beata,
1737 359 1832 390 non
1858 355 2012 391 autem
2034 343 2212 406 pattici-

245 418 429 476 patione
457 417 636 460 animae
664 425 847 459 sanctae
875 429 926 469 »3
960 428 1071 472 ergo
1102 413 1294 468 videtur,
1327 414 1450 472 quod
1482 412 1718 472 judiciaria
1749 422 1950 471 potestas
1978 426 2074 458 non
2104 423 2212 458 een·

243 485 397 529 veniat
423 483 624 536 Christo,
652 481 903 526 secundum
933 481 1055 540 quod
1079 491 1147 526 est
1165 481 1327 535 homo,
1354 481 1432 525 sed
1459 481 1712 525 secundum
1738 480 1861 539 quod
1882 489 1951 525 est
1974 479 2152 524 Densa·

337 565 374 610 3.
403 551 700 594 PRAETEREA.
728 549 801 592 Ad
819 548 1106 607 judiciariam
1123 547 1296 600 Christi
1312 558 1585 607 potestatem
1603 547 1797 607 pertinet
1811 547 2012 606 judicare
2028 544 2213 591 oceuka

246 618 468 670 cordium,
496 615 748 660 secundum
774 614 884 658 illud
918 629 952 658 1.
974 615 1028 659 ad
1047 614 1156 660 Cor.
1174 616 1401 670 4.:Nolite
1423 622 1516 660 ante
1542 621 1695 675 tempus
1713 614 1920 671 judicare,
1951 613 2213 673 quoadusque

242 685 384 728 veniat
410 684 637 737 Dominus,
671 684 743 741 qui
768 688 806 727 et
831 682 1089 727 illuminabit
1105 683 1342 727 abscondita
1370 685 1650 737 tenebrarum,
1678 688 1718 727 et
1731 682 2016 738 manifestabit
2040 679 2214 733 consilia

245 750 458 795 cordium:
477 750 556 794 sed
572 750 663 793 hoc
683 749 878 808 pertinet
895 749 951 793 ad
968 748 1117 793 solam
1133 750 1348 794 virtutem
1361 749 1579 804 divinam,
1592 749 1845 794 secundum
1857 747 1969 793 illud
1981 747 2105 792 Hier.
2123 758 2211 806 17.:

243 818 434 875 Pravum
465 822 520 861 est
551 832 623 862 cor
656 817 847 870 hominis,
882 823 919 861 et
948 817 1241 870 inscrutabile;
1270 819 1360 876 quis
1386 824 1595 876 cognoscet
1619 816 1756 862 illud?
1777 830 1847 876 ego
1866 816 2080 865 Dominus
2102 826 2214 859 scru-

246 891 335 929 tans
352 883 494 939 corda,
522 890 558 928 et
575 885 760 944 probans
781 898 906 938 renes,
934 890 975 929 et
994 885 1067 943 qui
1091 884 1142 928 do
1166 886 1390 943 unicuique
1401 887 1526 944 juxta
1547 887 1664 928 viam
1687 898 1806 929 suam
1816 899 1833 936 ‚·
1853 895 1964 942 ergo
1980 881 2214 941 judiciaria

244 960 444 1011 potestas
465 965 559 995 non
578 951 793 996 convenit
813 950 1017 1006 Christo,
1036 951 1288 996 secundum
1305 952 1428 1011 quod
1446 962 1514 997 est
1528 952 1690 1006 homo,
1712 951 1790 996 sed
1817 949 2069 996 secundum
2090 946 2213 1007 quod

247 1027 314 1062 est
339 1019 479 1062 Deus.

335 1085 429 1131 SED
457 1098 654 1131 CONTRA
681 1095 761 1139 est,
784 1085 907 1145 quod
925 1085 1089 1130 dicitur
1109 1085 1241 1144 Joan.
1274 1099 1339 1144 5.:
1368 1087 1611 1131 Potestatem
1634 1086 1742 1131 dedit
1766 1087 1804 1131 ei
1823 1084 2035 1144 judicium
2051 1083 2213 1144 facere,

250 1154 350 1212 quia
376 1154 511 1198 Filius
538 1153 717 1197 hominis
741 1160 809 1198 est.

336 1220 627 1266 RESPONDEO
655 1220 913 1274 dicendum,
941 1221 1063 1279 quod
1091 1220 1329 1280 Chrysost.
1358 1235 1492 1280 super
1517 1221 1648 1279 Joan.
1672 1218 1813 1280 (hom.
1833 1221 1900 1280 38.
1927 1226 2087 1280 parum
2118 1223 2215 1262 ante

244 1288 370 1346 med.)
397 1288 562 1332 sentire
589 1288 781 1342 videtur,
811 1288 933 1347 quod
960 1288 1195 1345 judiciaria
1222 1298 1422 1347 potestas
1445 1302 1539 1347 non
1578 1289 1822 1333 conveniat
1844 1287 2032 1332 Christo
2058 1298 2216 1330 secun-

251 1355 362 1398 dum
389 1355 511 1414 quod
540 1365 607 1399 est
632 1355 793 1409 homo,
812 1354 890 1399 sed
913 1354 1062 1399 solum
1081 1355 1334 1399 secundum
1352 1357 1473 1415 quod
1493 1366 1561 1401 est
1580 1356 1731 1410 Deus;
1753 1355 1873 1399 unde
1897 1353 2215 1398 auctoritatem

248 1422 438 1480 Joannis
483 1422 717 1466 inductam
752 1424 815 1466 sic
854 1423 1063 1482 exponit:
1091 1423 1333 1467 Potestatem
1365 1424 1476 1468 dedit
1505 1425 1542 1468 ei
1568 1423 1777 1482 judicium
1800 1423 1958 1481 facere,
1987 1430 2031 1466 et
2055 1429 2215 1480 postea

247 1490 474 1534 subditur:
503 1506 526 1531 «
547 1489 669 1542 Quia
696 1489 834 1533 Filius
865 1490 1068 1533 hominis
1097 1499 1188 1534 est:
1221 1490 1364 1534 nolite
1382 1491 1537 1535 mirari
1562 1491 1678 1535 hoc:
1702 1505 1796 1535 non
1823 1489 1947 1534 enim
1973 1497 2214 1548 propterea

247 1557 445 1615 suscepit
470 1557 705 1615 judicium,
733 1557 952 1615 quoniam
974 1557 1120 1601 homo
1140 1567 1226 1612 est3
1254 1558 1333 1602 sed
1356 1560 1461 1617 quia
1477 1557 1718 1602 ineffabilis
1737 1566 1805 1602 est
1822 1549 1914 1602 Dei
1939 1555 2095 1610 Filius,
2115 1568 2217 1615 pro-

248 1634 400 1682 pterea
418 1625 553 1682 judex
580 1634 670 1669 est:
699 1625 804 1682 quia
821 1639 930 1669 vero
956 1639 1008 1668 ea
1026 1639 1142 1683 quae
1161 1625 1427 1670 dicebantur
1444 1635 1572 1670 erant
1588 1627 1779 1685 maj0ra,
1797 1639 1935 1684 quam
1963 1623 2215 1669 secundum

245 1692 500 1745 hominem,
527 1691 632 1735 ideo
658 1691 778 1736 hanc
807 1692 1073 1751 opinionem
1100 1691 1284 1737 solvens
1318 1693 1449 1737 dixit:
1477 1694 1549 1738 Ne
1566 1693 1810 1748 miremini,
1838 1691 1944 1752 quia
1968 1690 2108 1736 Filius
2133 1689 2216 1735 ho·

246 1759 382 1802 minis
410 1767 489 1813 est,
510 1759 679 1803 etenim
710 1759 806 1818 ipse
836 1769 903 1803 est
935 1760 1072 1803 etiam
1106 1759 1245 1804 Filius
1278 1761 1425 1815 Dei»,
1460 1761 1582 1820 quod
1610 1760 1795 1820 quidem
1829 1759 1991 1820 probat
2024 1771 2106 1819 per
2145 1771 2215 1803 re-

250 1826 543 1870 surrectionis
585 1825 827 1881 effectum;
867 1827 986 1871 unde
1020 1827 1191 1871 subdit:
1232 1829 1350 1885 Quia
1389 1831 1505 1875 venit
1536 1830 1655 1883 hora,
1689 1831 1734 1873 in
1776 1842 1858 1888 qua
1889 1842 2027 1872 omnes
2065 1828 2138 1887 qui
2167 1827 2214 1871 in

249 1895 530 1938 monumentis
561 1900 668 1948 sunt,
703 1894 872 1939 audient
901 1909 1046 1939 vocem
1079 1896 1183 1940 Filii
1225 1897 1324 1941 Dei.
1367 1896 1614 1942 Sciendum
1646 1906 1802 1941 tamen
1839 1895 1960 1956 quod
2004 1892 2212 1954 quamvis

249 1962 367 2019 apud
393 1962 546 2005 Deum
570 1972 807 2006 remaneat
832 1963 1067 2022 primaeva
1086 1964 1331 2008 auctoritas
1353 1964 1596 2023 judicandi,
1619 1963 1883 2008 hominibus
1907 1972 2063 2007 tamen
2091 1974 2216 2006 com-

250 2030 441 2073 mittitur
468 2043 493 2072 a
518 2029 621 2074 Deo
655 2030 891 2088 judiciaria
923 2040 1123 2089 potestas
1148 2042 1357 2091 respectu
1395 2046 1570 2087 eorum,
1609 2032 1686 2091 qui
1727 2045 1888 2076 eorum
1912 2027 2213 2089 jurisdictioni

248 2096 566 2155 subjiciuntur;
593 2097 712 2141 unde
740 2097 903 2142 dicitur
927 2098 1113 2142 Deuter.
1147 2113 1205 2142 1.:
1236 2099 1361 2156 Quod
1382 2103 1539 2159 justum
1558 2106 1614 2145 est
1635 2099 1839 2158 judicate,
1858 2107 1903 2143 et
1927 2106 2088 2157 postea
2113 2095 2215 2141 sub-

249 2164 388 2207 ditur:
419 2165 536 2221 Quia
562 2165 648 2209 Dei
674 2171 726 2209 est
746 2165 970 2224 judicium,
1000 2167 1127 2224 cujus
1155 2166 1331 2211 scilicet
1364 2168 1632 2212 auctoritate
1658 2181 1741 2211 vos
1774 2165 1998 2226 iudicatis.
2024 2164 2214 2208 Dictum

252 2241 319 2275 est
346 2241 499 2275 autem
526 2246 660 2291 supra
690 2232 746 2290 (q.
775 2233 815 2277 8.
849 2239 932 2277 art.
970 2245 1007 2277 1.
1035 2240 1074 2278 et
1093 2235 1169 2293 3.)‚
1199 2235 1320 2293 quod
1349 2235 1560 2279 Christus
1588 2235 1727 2279 etiam
1749 2234 1796 2279 in
1821 2243 1984 2278 natura
2007 2232 2213 2276 humana

249 2308 316 2343 est
343 2308 477 2356 caput
509 2299 648 2342 totius
680 2299 931 2353 Ecclesiae,
966 2309 1008 2343 et
1035 2300 1157 2358 quod
1185 2302 1265 2345 sub
1293 2302 1481 2361 pedibus
1516 2304 1611 2360 eius
1644 2303 1771 2346 Deus
1805 2301 1961 2346 omnia
1997 2297 2213 2357 subjecit;

249 2366 369 2410 unde
397 2367 452 2410 ad
481 2381 586 2411 eum
612 2367 819 2425 pertinet,
854 2368 992 2411 etiam
1019 2369 1273 2413 secundum
1298 2380 1509 2414 naturam
1535 2371 1802 2424 humanam,
1828 2368 1999 2413 habere
2029 2366 2216 2426 judicia·

248 2433 364 2477 riam
390 2444 688 2492 potestatem3
715 2444 900 2494 propter
926 2435 1048 2494 quod
1072 2436 1191 2495 Aug.
1211 2437 1352 2495 (tract.
1371 2453 1436 2495 19.
1463 2439 1508 2481 in
1523 2439 1651 2494 Joan.
1669 2451 1695 2480 a
1720 2436 1865 2494 med),
1893 2434 2211 2480 auctoritatem

247 2500 530 2559 praedictam
558 2500 794 2560 Evangelii
812 2502 876 2545 sic
896 2502 1004 2546 dicit
1022 2517 1119 2547 esse
1138 2503 1507 2563 intelligendam:
1540 2521 1563 2545 t<
1584 2505 1867 2549 Potestatem
1894 2503 2019 2548 dedit
2045 2504 2087 2547 ei
2103 2501 2215 2562 iudi·

250 2568 374 2612 cium
399 2567 563 2621 facere,
591 2568 696 2627 quia
722 2567 860 2612 Filius
886 2569 1089 2613 hominis
1113 2581 1180 2614 est
1202 2588 1244 2624 n,
1270 2585 1364 2615 non
1392 2571 1575 2630 quidem
1602 2581 1786 2631 propter
1804 2570 2117 2616 conditionem
2138 2582 2215 2615 na-

248 2644 398 2689 turae3
417 2635 521 2694 quia
539 2635 602 2679 sic
629 2649 826 2679 «omnes
852 2636 1065 2681 homines
1091 2637 1357 2696 hujusmodi
1382 2649 1657 2698 potestatem
1674 2640 1894 2684 haberent
1911 2657 1953 2694 »,
1975 2650 2024 2684 ut
2045 2638 2211 2698 Chrys.

250 2702 406 2761 objicit
432 2702 531 2760 (loc.
558 2710 645 2762 sup.
670 2703 787 2760 cit.):
821 2703 899 2747 sed
926 2704 1016 2747 hoc
1044 2705 1237 2763 pertinet
1263 2705 1317 2749 ad
1346 2706 1539 2764 gratiam
1568 2707 1741 2766 capitis,
1770 2721 1908 2766 quam
1935 2706 2146 2752 Christus
2166 2706 2213 2749 in

249 2770 452 2814 humana
473 2779 633 2813 natura
661 2770 850 2829 accepit.
886 2770 1119 2829 Competit
1152 2782 1305 2817 autem
1338 2773 1524 2818 Christo
1557 2774 1647 2818 hoc
1676 2775 1817 2819 modo
1851 2774 2103 2819 secundum
2134 2773 2215 2818 hu·

250 2851 437 2881 manam
455 2847 664 2881 naturam
677 2837 909 2894 judiciaria
929 2848 1144 2897 potestas,
1166 2850 1350 2899 propter
1368 2843 1471 2888 tria:
1481 2843 1623 2900 primo
1643 2842 1827 2900 quidem
1846 2852 2030 2902 propter
2052 2855 2215 2887 conve-

250 2905 486 2958 nientiam,
521 2914 565 2948 et
607 2902 870 2948 affinitatem
904 2905 1043 2964 ipsius
1082 2906 1136 2950 ad
1169 2907 1406 2962 homines;
1444 2908 1560 2953 sicut
1601 2910 1723 2953 enim
1760 2909 1888 2954 Deus
1928 2924 2010 2970 per
2052 2923 2212 2955 causas

250 2972 439 3026 medias,
466 2981 685 3030 tanquam
703 2973 1050 3031 propinquiores
1068 2973 1316 3028 effectibus,
1336 2985 1571 3034 operatur;
1598 2976 1660 3021 ita
1677 2976 1847 3035 judicat
1868 2991 1948 3037 per
1972 2976 2213 3022 hominem

253 3039 490 3084 Christum
522 3038 750 3094 homines,
783 3049 832 3083 ut
867 3039 924 3083 sit
956 3040 1138 3084 suavius
1175 3042 1395 3099 Judicium
1434 3042 1722 3088 hominibus:
1758 3044 1877 3088 unde
1909 3043 2071 3104 Apost.
2106 3043 2215 3091 dicit

250 3107 364 3151 Heb.
391 3118 458 3161 4:
494 3107 592 3151 Non
624 3106 820 3151 habemus
838 3108 1095 3167 pontificem,
1124 3110 1195 3167 qui
1225 3124 1307 3153 non
1334 3112 1462 3169 possit
1488 3113 1669 3169 compati
1709 3112 2024 3169 infirmitatibus
2049 3112 2212 3166 nostris,

258 3181 457 3220 tentatum
477 3181 556 3233 per
573 3176 715 3219 omnia
733 3182 815 3234 pro
841 3175 1112 3219 similitudine
1138 3177 1286 3235 absque
1309 3184 1475 3236 peccato
1487 3193 1505 3236 ,·
1528 3177 1722 3224 adeamus
1747 3193 1842 3238 ergo
1869 3194 1963 3224 cum
1987 3178 2140 3233 fiducia
2159 3176 2216 3236 ad

251 3243 448 3286 thronum
479 3243 641 3300 gratiae
667 3242 779 3300 ejus:
806 3241 976 3287 secundo
1005 3242 1110 3301 quia
1132 3243 1178 3286 in
1205 3242 1329 3296 finali
1356 3245 1540 3302 judicio,
1570 3255 1618 3289 ut
1640 3245 1760 3304 Aug.
1789 3244 1898 3291 dicit
1926 3259 2063 3307 super
2081 3245 2212 3305 Joan.

253 3309 391 3365 (tract.
426 3323 485 3368 23.
510 3315 604 3354 ante
635 3309 778 3366 med),
808 3309 892 3353 erit
918 3310 1187 3354 resurrectio
1221 3325 1466 3370 corporum
1501 3323 1804 3367 mortuorum,
1831 3326 1948 3373 quae
1982 3312 2215 3359 suscitabit

250 3376 375 3420 Deus
402 3390 480 3434 per
511 3376 676 3420 Filium
709 3376 934 3432 hominis3
967 3377 1083 3421 sicut
1114 3391 1193 3436 per
1220 3379 1435 3422 eumdem
1463 3379 1698 3424 Christum
1725 3380 1914 3425 suscitat
1939 3379 2129 3435 animas,
2150 3378 2214 3424 in-

252 3453 473 3501 quantum
501 3453 567 3487 est
593 3443 731 3488 Filius
757 3443 869 3489 Dei:
893 3446 1029 3498 tertio,
1059 3444 1177 3503 quia,
1206 3454 1253 3488 ut
1287 3446 1403 3504 Aug.
1433 3446 1541 3491 dicit
1574 3448 1618 3490 in
1651 3446 1724 3491 lib.
1754 3447 1808 3491 de
1833 3447 1996 3493 Verbis
2020 3444 2213 3493 Domini

251 3513 390 3568 (serm.
414 3511 488 3555 ult.
523 3518 612 3570 cap.
641 3525 678 3570 7.
698 3526 724 3556 a
746 3511 889 3570 med),
927 3521 1143 3556 «rectum
1168 3521 1277 3566 erat,
1305 3523 1353 3557 ut
1373 3513 1604 3571 judicandi
1628 3514 1836 3559 viderent
1866 3514 2086 3574 judicem:
2102 3511 2214 3574 iudi·

253 3577 387 3621 candi
414 3587 564 3622 autem
595 3588 721 3623 erant
748 3578 872 3634 boni,
901 3588 944 3623 et
966 3577 1099 3624 mali:
1126 3579 1323 3624 restabat
1349 3593 1475 3640 ergo,
1502 3591 1551 3625 ut
1575 3581 1621 3624 in
1652 3581 1823 3640 judicio
1854 3579 2005 3627 forma
2030 3579 2148 3628 servi
2168 3589 2214 3624 et

251 3645 398 3699 bonis,
426 3653 470 3691 et
497 3645 630 3691 malis
657 3645 985 3701 ostenderetur,
1018 3644 1167 3691 forma
1192 3646 1281 3691 Dei
1298 3646 1407 3692 solis
1434 3647 1566 3693 bonis
1593 3658 1848 3693 servaretur
1864 3664 1904 3692 ».
2179 3668 2180 3671 “
