2352 3926
309 243 415 297 390
842 231 1120 285 QUAESTIO
1162 239 1307 278 vat.
1342 202 1650 279 Akrtct'ss‘ms
1690 233 1764 278 v1.

303 343 504 386 triduum
532 349 878 394 resurrecturus,
906 342 1057 385 minus
1085 341 1254 400 aliquid
1283 341 1488 385 amisisse
1513 341 1705 394 videtur,
1723 350 1861 399 quam
1876 332 1946 385 ilii
1961 342 2039 401 qui
2056 339 2271 387 amittunt

302 411 444 453 vitam
472 409 754 467 permansuri
789 409 834 451 in
870 418 1039 463 morte3
1075 422 1186 468 ergo
1220 409 1435 463 videtur,
1445 408 1568 467 quod
1617 407 1750 451 dolor
1791 402 1963 455 Christi
2007 417 2102 454 non
2137 408 2272 476 fuerit

305 477 532 521 maximus
560 476 787 520 dolorum.
2156 475 2202 510 Ξῐ

400 559 434 602 5.
455 545 752 587 PRAETEREA.
780 544 1050 588 Innocentia
1074 544 1284 602 patientis
1312 543 1523 587 diminuit
1545 542 1751 587 dolorem
1761 543 2021 602 passionis&
2018 544 2124 588 sed
2141 542 2273 589 CM-

304 623 398 657 stus
425 613 693 655 innocenter
720 622 788 656 est
813 626 986 670 passus,
1010 613 1261 656 secundum
1278 611 1390 655 illud
1409 612 1610 655 Hierem.
1634 625 1700 655 11.
1714 612 1831 669 :Ego
1849 617 1988 656 autem
2008 613 2127 670 quasi
2142 618 2272 670 dgnus

303 686 555 733 mansuetus,
584 682 656 737 qui
674 688 757 738 por
761 686 874 723 tatur
895 679 950 723 ad
973 681 1223 730 victimam;
1242 693 1351 738 ergo
1370 679 1561 732 videtur,
1595 678 1717 737 quod
1736 677 1867 722 dolor
1888 679 2119 739 palssiouit's¹
2135 677 2273 724 Chri-

303 747 359 791 sti
384 761 478 790 non
506 745 641 790 fuerit
667 747 908 790 maximus.

393 811 434 856 6.
462 813 760 857 PRAETEREA.
788 814 839 856 In
865 813 952 867 his,
980 828 1095 873 quae
1123 813 1295 858 Christi
1321 822 1438 867 sunt,
1465 812 1579 856 nihil
1604 812 1688 856 fuit
1713 811 2012 871 superfluum:
2039 810 2120 856 sed
2142 769 2274 855 mini-

303 895 404 924 mus
433 880 566 924 dolor
594 880 767 924 Christi
793 880 1043 925 suffecisset
1063 882 1117 924 ad
1136 881 1274 924 finem
1293 880 1450 924 salutis
1467 881 1718 924 humanae:
1736 880 1968 924 habuisset
1984 879 2110 924 etiim'
2123 878 2274 923 infini-

301 958 397 991 tam
423 948 637 991 virtutem
665 962 718 991 ex
744 962 940 1007 persona
966 949 1141 1002 divina3
1170 962 1278 1006 ergo
1301 947 1579 1005 superfluum
1596 946 1753 992 fuisset
1770 954 2001 992 assumere
2019 945 2272 990 maximum

304 1015 533 1058 dolorum.

395 1082 490 1126 SED
519 1094 715 1126 CONTRA
742 1083 972 1141 est„quod
1002 1081 1174 1126 Thren.
1207 1096 1242 1126 1.
1271 1082 1435 1126 dicitur
1461 1096 1514 1126 ex
1540 1095 1735 1141 persona
1762 1081 1959 1126 Christi-t
1985 1072 2208 1134 Attendite,
2236 1086 2273 1124 et

302 1149 450 1203 videte,
472 1151 507 1193 si
532 1156 588 1194 est
608 1150 741 1203 dolor,
765 1151 869 1194 sicut
890 1150 1009 1193 dolor
1030 1165 1155 1194 meus.

393 1217 684 1260 Rssspounsso
717 1216 976 1270 dicendum,
1004 1217 1141 1275 quod,
1168 1217 1285 1260 sicut
1315 1230 1450 1274 supra
1487 1215 1658 1259 dictum
1687 1224 1752 1259 est
1790 1229 1895 1259 cum
1922 1213 1978 1259 de
2018 1212 2271 1258 defectibus

306 1284 549 1341 assumptis
577 1297 603 1326 a
630 1283 816 1327 Christo
846 1294 1054 1341 ageretur
1081 1285 1141 1341 (q.
1169 1298 1224 1342 15.
1253 1290 1333 1327 art.
1353 1299 1389 1342 5.
1408 1290 1447 1327 et
1463 1283 1542 1335 6.),
1562 1283 1607 1325 in
1627 1282 1812 1326 Christo
1827 1282 2022 1340 patiente
2040 1280 2124 1324 fuit
2140 1288 2273 1324 verus

302 1350 450 1404 dolor,
479 1359 524 1394 et
550 1350 788 1403 sensibilis,
831 1351 906 1408 qui
935 1360 1147 1393 causatur
1179 1365 1234 1394 ex
1266 1349 1491 1408 corporali
1525 1349 1710 1402 nocivo,
1734 1358 1778 1392 et
1804 1347 1937 1392 dolor
1961 1347 2167 1401 interior,-
2195 1347 2274 1407 ‘qui

304 1427 515 1460 causatur
542 1431 594 1460 ex
628 1417 989 1474 apprehensione
1024 1416 1213 1474 alicujus
1247 1416 1527 1469 nocumenti,
1561 1416 1638 1474 qui
1665 1410 1847 1459 ⁴tristitia
1874 1414 2056 1459 diei-tur&
2083 1420 2160 1458 tite

304 1494 462 1528 autem
485 1483 618 1526 dolor
643 1484 689 1526 in
718 1483 904 1527 Christo
938 1483 1021 1526 fuit
1054 1484 1281 1526 maximus
1313 1484 1430 1527 inter
1465 1483 1647 1526 dolores
1680 1481 1931 1540 praesentis
1961 1479 2273 1541 vitae.‘Quod

301 1551 487 1608 quidem
515 1550 739 1625 contingit
764 1560 950 1608 propter
976 1556 1184 1608 quatuor:
1196 1552 1338 1609 primo
1368 1549 1552 1642 quidem
1571 1555 1756 1608 propter
1771 1557 1932 1628 causas
1948 1547 2145 1635 doloris:
2162 1554 2272 1591 nam

301 1696 486 1743 propter
514 1683 860 1742 generalitatem
886 1684 1126 1742 passionis,
1151 1684 1209 1741 de
1236 1698 1326 1742 qua
1353 1684 1525 1727 dictum
1553 1693 1621 1727 est
1647 1682 1747 1738 (art.
1766 1691 1908 1742 praec.
1934 1687 1974 1727 et
1993 1697 2032 1741 q.
2053 1682 2273 1742 &fitam

305 1752 442 1794 etiam
470 1765 523 1794 ex
557 1765 722 1809 genere
750 1765 975 1809 passionis
986 1767 996 1804 ;
1025 1752 1130 1809 quia
1157 1765 1282 1794 mors
1311 1750 1593 1794 confixorum
1623 1751 1668 1792 in
1697 1764 1830 1794 cruce
1863 1759 1931 1794 est
1962 1749 2271 1802 acerbissima,

306 1818 411 1876 quia
440 1817 730 1876 configuntur
755 1819 802 1860 in
829 1818 942 1861 locis
970 1820 1190 1872 nervosis,
1218 1828 1262 1861 et
1287 1818 1486 1860 maxime
1514 1816 1814 1870 sensibilibus,
1846 1816 2021 1860 scilicet
2052 1816 2098 1859 in
2130 1815 2273 1859 mani-

304 1886 402 1939 bus,
430 1894 473 1928 et
500 1886 709 1943 pedibus;
729 1895 772 1929 et
789 1885 937 1944 ipsum
967 1886 1143 1949 pondus
1163 1887 1364 1943 corporis
1387 1884 1624 1943 pendentis
1643 1884 1858 1928 continue
1882 1893 2018 1942 auget
2038 1881 2272 1936 dolorem3

304 1963 348 1996 et
376 1967 481 1995 cum
510 1953 598 1995 hoc
627 1953 764 1996 etiam
793 1963 859 1996 est
885 1952 1055 1996 doloris
1089 1953 1370 2006 diuturnitas,
1404 1953 1508 2010 quia
1540 1966 1634 1995 non
1667 1952 1820 1996 statim
1853 1951 2124 2006 moriuntur,
2155 1950 2275 1994 sicut

305 2019 354 2061 hi
379 2019 455 2077 qui
483 2018 636 2077 gladio
663 2019 1016 2064 interficiuntur:
1044 2019 1214 2063 doloris
1251 2029 1402 2068 autem
1435 2019 1662 2063 interioris
1695 2033 1834 2062 causa
1865 2017 1972 2062 fuit:
1997 2018 2148 2076 primo
2181 2016 2276 2076 qui-

302 2085 409 2129 dem
437 2086 593 2128 omnia
616 2096 802 2144 peccata
826 2086 1017 2131 humani
1044 2087 1239 2162 generis,
1267 2100 1348 2145 pro
1377 2086 1537 2178 quibus
1560 2084 1865 2129 satisfaciebat
1884 2083 2130 2144 patiendo:
2153 2082 2274 2127 unde

303 2166 356 2195 ea
383 2153 511 2210 quasi
529 2153 613 2195 sibi
632 2153 856 2206 adscribit,
876 2153 1060 2197 dicens'
1050 2168 1095 2196 ιιι
1114 2153 1280 2196 Psalm.
1303 2166 1371 2196 21.
1388 2153 1558 2197 :Verba
1576 2153 1819 2197 delictorum
1835 2167 2052 2197 meorum:
2070 2150 2272 2195 secundo

303 2219 559 2295 specialiter
586 2233 716 2263 casus
736 2220 1034 2296 Judaeorum‚
1062 2230 1105 2263 et
1133 2220 1355 2264 aliorum
1345 2235 1391 2263 ιιι
1410 2221 1505 2296 ejus
1524 2230 1671 2264 morte
1690 2220 2067 2278 delinquentium,
2085 2228 2131 2263 et
2150 2231 2276 2277 prae-

302 2286 434 2362 cipue
462 2286 805 2345 discipulorum,
824 2288 900 2345 qui
918 2287 1184 2331 scandalum
1203 2288 1323 2345 passi
1345 2298 1449 2331 sunt
1466 2288 1511 2330 in
1531 2286 1705 2331 Christi
1729 2287 1961 2346 passionei
1982 2286 2116 2330 terti&
2129 2282 2275 2330 'etiam

303 2353 492 2397 amissio
519 2353 638 2397 vitae
668 2354 932 2411 corporalis,
960 2368 1075 2412 quae
1103 2354 1368 2398 naturaliter
1394 2364 1461 2397 est
1486 2354 1716 2398 horribilis
1737 2354 1968 2397 humanae
1989 2360 2204 2398 natutaet
2221 2361 2276 2396 δἐ-

304 2421 436 2465 cundo
465 2429 614 2479 potest
640 2421 908 2479 magnitudo
936 2421 1109 2464 doloris
1139 2423 1234 2479 ejus
1262 2421 1540 2465 considerari
1572 2435 1627 2465 ex
1658 2412 2032 2480 perceptibilitate
2062 2418 2274 2479 patientis

303 2489 557 2532 secundum
585 2488 801 2542 animam,
825 2498 869 2531 et
895 2489 1147 2532 secundum
1176 2503 1364 2565 corpus:
1392 2503 1501 2532 nam
1530 2498 1573 2532 et
1599 2489 1851 2531 secundum
1879 2494 2043 2546 corpus
2070 2493 2168 2531 erat
2197 2495 2276 2545 op-

304 2556 414 2599 time
454 2555 864 2613 complexionatus,
899 2570 1005 2598 cum
1040 2570 1202 2614 corpus
1236 2557 1331 2614 ejus
1362 2555 1497 2599 fuerit
1528 2554 1777 2599 formatum
1810 2553 2092 2598 miraeulose
2120 2562 2276 2631 opera-

302 2623 428 2667 tione
456 2622 647 2680 Spiritus
676 2622 854 2677 Sancti3
882 2623 998 2666 sicut
1024 2633 1067 2667 et
1094 2623 1181 2666 alia
1209 2638 1325 2682 quae
1353 2637 1432 2682 per
1458 2621 1678 2666 miracula
1700 2621 1820 2665 facta
1837 2629 1955 2675 sunt,
1971 2620 2154 2665 fuerunt
2169 2613 2274 2664 aliis
2303 2661 2309 2666 .

305 2690 510 2749 potiora;
539 2700 586 2733 ut
614 2689 977 2748 Chrysostomus
1005 2691 1112 2734 dicit
1139 2691 1301 2747 (homil.
1328 2705 1391 2735 21.
1419 2691 1462 2733 in
1482 2690 1608 2746 Joan.
1636 2703 1662 2732 a
1687 2689 1811 2743 med.)
1839 2689 1896 2732 de
1925 2687 2050 2742 vino,
2076 2686 2126 2731 in
2148 2686 2273 2746 quod

303 2756 514 2802 Christus
539 2771 705 2815 aquam
725 2758 949 2801 convertit
966 2758 1011 2799 in
1029 2758 1219 2814 nuptiis:
1241 2768 1282 2801 et
1301 2758 1405 2801 ideo
1425 2759 1469 2800 in
1489 2771 1544 2800 eo
1563 2757 1762 2800 maxime
1774 2756 1919 2815 viguit
1935 2766 2093 2800 sensus
2111 2763 2277 2808 tactus,-

303 2827 357 2867 e'x
385 2825 512 2881 cujus
540 2824 831 2882 perceptione
859 2824 1060 2882 sequitur
1087 2824 1241 2867 dolor:
1272 2825 1424 2867 anima
1453 2824 1591 2868 etiam
1619 2824 1871 2867 secundum
1893 2822 2012 2866 vires
2033 2820 2273 2866 interiores

303 2889 620 2934 efficacissime
654 2891 953 2949 apprehendit
986 2905 1146 2934 omnes
1181 2905 1339 2935 causas
1371 2891 1600 2935 tristitiae:
1630 2892 1747 2935 tertio
1789 2889 2059 2949 magnitudo
2100 2885 2273 2933 doloris

303 2957 475 3002 Christi
502 2958 711 3015 patientis
738 2968 887 3016 potest
915 2958 1192 3001 considerari
1227 2973 1280 3002 ex
1314 2958 1502 3011 doloris,
1536 2968 1579 3002 et
1609 2958 1814 3002 tristitiae
1841 2951 2058 3015 puritate:
2082 2964 2194 2999 riam
2225 2955 2272 2998 in

302 3025 399 3069 aliis
427 3019 698 3083 patientibus
725 3026 958 3082 mitigatur
980 3026 1157 3068 tristitia
1184 3026 1385 3079 interior,
1414 3034 1457 3069 et
1484 3026 1621 3069 etiam
1649 3024 1783 3068 dolor
1809 3023 2004 3068 exterior
2032 3032 2087 3067 ex
2120 3021 2271 3081 aliqua

302 3093 668 3137 consideratione
710 3093 912 3145 rationis,
940 3107 1020 3151 per
1046 3093 1275 3150 quandam
1303 3094 1647 3146 derivationem,
1675 3106 1754 3136 seu
1780 3090 2130 3136 redundantiam
2153 3100 2181 3134 a
2201 3100 2272 3134 su-

299 3161 552 3219 perioribus
575 3160 744 3203 viribus
773 3160 827 3202 ad
856 3158 1113 3202 inferiores:
1142 3160 1263 3217 quod
1288 3160 1331 3202 in
1353 3159 1539 3204 Christo
1558 3160 1756 3218 patiente
1773 3171 1867 3203 non
1884 3156 1991 3202 fuit:
2008 3157 2114 3217 quia
2136 3171 2164 3198 ιι
2179 3155 2274 3200 uni·

303 3227 467 3285 cuique
493 3227 660 3269 virium
695 3226 899 3284 permisit
933 3240 1067 3284 agere
1106 3227 1227 3284 quod
1263 3237 1330 3270 est
1366 3227 1450 3270 sibi
1487 3227 1721 3285 proprium
1744 3242 1788 3280 »,
1814 3225 1930 3270 sicut
1955 3221 2272 3269 Damascenus

302 3294 409 3337 dicit
436 3295 530 3351 (lib.
554 3308 589 3352 3.
622 3294 743 3338 Orth.
770 3293 863 3338 Fid.
893 3301 980 3352 cap.
1014 3305 1071 3351 15.
1099 3308 1123 3336 α
1152 3293 1278 3349 mad.)
1296 3308 1308 3335 .·
1337 3300 1486 3351 quarto
1514 3303 1662 3353 potest
1696 3291 1975 3337 considerari
2002 3289 2272 3350 magnitudo

300 3361 472 3405 doloris
503 3361 672 3404 Christi
701 3360 910 3419 patientis
937 3375 990 3403 ex
1018 3360 1121 3413 hoc,
1151 3360 1271 3417 quod
1301 3360 1450 3417 passio
1478 3360 1570 3414 illa,
1597 3370 1642 3404 et
1668 3359 1800 3404 dolor
1823 3371 1849 3403 a
1876 3357 2064 3403 Christo
2090 3356 2273 3401 fuerunt

302 3438 535 3486 assumpta
558 3427 829 3481 voluntarie,
856 3437 1041 3486 propter
1067 3426 1204 3469 finem
1233 3426 1512 3470 liberationis
1538 3427 1781 3470 hominum
1810 3439 1835 3469 a
1861 3434 2077 3485 peccato:
2100 3433 2146 3468 et
2163 3422 2271 3468 ideo

302 3505 473 3537 tantam
505 3495 804 3552 quantitatem
831 3493 1002 3538 doloris
1031 3493 1286 3551 assumpsit,
1314 3507 1429 3551 quae
1458 3503 1574 3538 esset
1601 3493 1944 3552 proportionata
1963 3488 2272 3550 'magnitudini

303 3561 489 3615 fructus,
517 3561 593 3619 qui
619 3562 724 3605 inde
752 3561 1037 3620 sequebatur.
1062 3557 1125 3604 Ex
1152 3560 1221 3603 his
1248 3559 1385 3618 igitur
1408 3561 1621 3604 omnibus
1639 3560 1787 3604 causis
1809 3557 1948 3604 simul
1965 3555 2266 3604 consideratis
2325 3601 2331 3613 ff

306 3627 544 3671 manifeste
573 3637 772 3687 apparet,
800 3628 923 3687 quod
949 3626 1083 3672 dolor
1110 3626 1283 3671 Christi
1309 3625 1442 3670 fuerit
1468 3628 1707 3671 maximus.
