2352 3926
597 214 875 262 Qumsrro
916 215 1106 255 Lxxm.
1146 215 1456 255 Alimentus
1495 215 1570 254 ιν.
1977 205 2078 274 641

126 328 299 362 nomen
317 316 604 371 Eucharistia‚
631 316 755 376 quod
768 326 838 362 est
852 316 976 362 idem
992 317 1115 377 quod
1142 318 1250 363 bona
1271 318 1442 377 gratia:
1462 315 1620 362 omnia
1642 316 1781 361 etiam
1802 327 2089 363 sacramenta

126 383 381 428 remedium
406 384 538 428 nobis
565 382 758 429 afferunt
782 384 830 428 in
854 385 928 428 via
954 385 1203 444 praesentis
1235 386 1378 439 vitae3
1409 384 1531 444 quod
1558 384 1753 443 pertinet
1778 385 1833 428 ad
1862 384 2089 429 rationem

124 451 296 495 viatici:
320 450 366 494 in
393 451 605 495 omnibus
631 451 768 495 etiam
785 454 1081 495 sacramentis
1104 451 1152 496 fit
1169 451 1338 510 aliquid
1355 465 1559 506 sacrum3
1587 450 1709 510 quod
1736 451 1929 509 pertinet
1951 452 2007 495 ad
2025 466 2091 495 ra-

125 516 299 562 tionem
315 520 516 577 sacrificii
528 536 541 564 :
570 529 613 563 et
631 533 709 578 per
727 520 882 563 omnia
909 531 1195 564 sacramenta
1214 519 1299 563 sibi
1315 519 1514 563 invicem
1549 519 1894 564 communicant
1910 519 2089 575 fideles;

39 612 48 618 -
125 585 247 643 quod
266 585 490 644 significat
506 586 596 630 hoc
612 600 783 630 nomen
802 586 1043 636 σύναξιςὶη
1057 600 1239 644 graeco,
1256 585 1330 630 vel
1342 588 1577 631 communio
1595 586 1640 630 in
1658 586 1821 641 latin03
1840 582 1950 647 ergo
1967 586 2085 632 haec

124 651 314 696 nomina
339 666 433 696 non
460 654 784 697 convenienter
811 653 1079 711 adaptantur
1104 653 1210 696 huic
1239 663 1542 698 sacramento.

218 732 255 776 3.
283 718 581 765 PRAETER-EA.
599 719 762 763 Hostia
786 719 964 764 videtur
980 733 1078 763 esse
1104 719 1227 762 idem
1254 720 1375 777 quod
1393 719 1690 764 sacrificium:
1713 720 1830 765 sicut
1856 734 1966 780 ergo
1992 734 2088 766 non

123 785 303 844 proprie
330 786 493 831 dicitur
518 786 807 840 sacrificium,
830 787 892 830 ita
917 800 1001 830 nec
1029 787 1210 844 proprie
1237 787 1401 831 dicitur
1427 787 1574 833 hostia.

215 852 310 897 SED
338 866 533 899 CONTRA
561 863 641 908 est,
668 854 790 912 quod
818 867 924 897 usus
950 852 1153 897 fidelium
1179 853 1330 897 habet.
1580 867 1585 870 ’

211 918 502 965 ΒΕεΡοΝῡι-ῑο
529 920 789 974 dicendum,
821 920 944 979 quod
970 919 1061 964 hoc
1089 930 1429 965 sacramentum
1464 921 1602 966 habet
1633 922 1840 981 triplicem
1867 922 2092 982 significa-

122 984 318 1031 tionem:
341 1002 471 1032 unam
497 987 682 1046 quidem
708 996 918 1046 respectu
945 987 1187 1046 praeteriti,
1214 987 1484 1046 inquantum
1512 988 1688 1032 scilicet
1713 999 1781 1033 est
1806 1003 2092 1034 commemo-

120 1053 317 1098 rativum
342 1054 620 1099 Dominicae
645 1054 884 1114 passionis,
912 1068 1028 1113 quae
1054 1053 1137 1098 fuit
1161 1068 1322 1098 verum
1355 1054 1646 1110 sacrificium,
1679 1065 1729 1100 ut
1754 1069 1888 1115 supra
1915 1057 2089 1101 dictum

121 1130 191 1165 est
215 1119 274 1179 (q.
299 1121 370 1178 48.
389 1128 472 1167 art.
483 1122 542 1181 3.)
553 1137 569 1174 ,·
590 1130 636 1166 et
656 1122 909 1166 secundum
926 1121 1018 1166 hoc
1035 1121 1300 1166 nominatur
1317 1121 1616 1166 sacrificium:
1636 1123 1767 1167 aliam
1786 1133 1940 1168 autem
1957 1123 2092 1183 signi-

119 1185 382 1232 ficationem
413 1187 552 1233 habet
581 1198 790 1248 respectu
821 1189 888 1233 rei
920 1189 1185 1248 praesentis,
1218 1189 1394 1234 scilicet
1425 1189 1763 1234 ecclesiasticae
1789 1190 1989 1245 unitatis,
2016 1191 2091 1234 cui

119 1253 332 1299 homines
344 1265 650 1314 aggregantur
667 1270 748 1314 per
764 1256 856 1300 hoc
874 1266 1239 1311 sacramentum3
1258 1266 1303 1301 et
1315 1257 1568 1302 secundum
1580 1257 1671 1301 hoc
1689 1257 1954 1303 nominatur
1967 1271 2090 1302 com-

118 1321 294 1376 munio,
314 1321 388 1366 vel
410 1323 617 1378 σύναξις;
635 1323 746 1368 dicit
761 1324 884 1368 enim
900 1324 1118 1368 Damasc.
1139 1336 1183 1379 4.
1206 1323 1281 1368 lib.
1307 1323 1452 1381 (Orth.
1472 1324 1567 1369 Fid.
1591 1334 1682 1384 cap.
1700 1339 1765 1383 14.
1784 1325 1838 1370 ad
1842 1325 1946 1385 fin.)
1965 1326 2088 1385 quod

119 1386 283 1432 dicitur
306 1391 591 1445 communio,
618 1391 724 1450 quia
757 1391 1157 1435 communicamus
1189 1405 1270 1450 per
1294 1391 1444 1450 ipsam
1471 1391 1673 1446 Christo,
1708 1402 1752 1436 et
1783 1392 1890 1451 quia
1915 1393 2094 1452 partici-

119 1468 283 1514 pamus
310 1457 408 1515 ejus
442 1470 592 1511 carne,
627 1467 671 1501 et
703 1457 951 1512 divinitate,
985 1468 1031 1502 et
1061 1459 1166 1517 quia
1200 1459 1615 1514 communicamus,
1649 1469 1694 1504 et
1724 1460 1910 1503 unimur
1942 1460 1997 1504 ad
2030 1460 2094 1504 in—

117 1521 265 1566 vicem
303 1536 383 1580 per
407 1524 579 1582 ipsam:
607 1526 775 1569 tertiam
806 1524 1192 1584 significationem
1218 1526 1355 1570 habet
1390 1536 1599 1585 respectu
1634 1525 1786 1581 futuri,
1819 1527 2089 1587 inquantum

118 1588 292 1633 scilicet
313 1589 402 1634 hoc
429 1601 768 1635 sacramentum
796 1602 863 1636 est
889 1592 1291 1651 praefigurativum
1317 1592 1544 1637 fruitionis
1561 1594 1663 1641 Dei,
1691 1608 1808 1644 quae
1835 1595 1918 1632 ρι-ῐτ
1942 1594 1989 1628 i„
2015 1609 2090 1643 pa-

116 1655 227 1709 tria3
249 1665 294 1700 et
318 1657 571 1700 secundum
592 1658 683 1699 hoc
706 1658 871 1698 dicitur
886 1660 1105 1707 viaticum,
1143 1660 1248 1712 quia
1273 1654 1347 1696 hic
1365 1652 1551 1711 praebet
1566 1652 1699 1696 nobis
1721 1653 1845 1695 viam
1861 1650 1970 1694 illuc
1993 1666 2091 1710 per-

118 1723 355 1766 veniendi:
380 1733 426 1767 et
450 1722 702 1767 secundum
728 1722 819 1766 hoc
848 1721 985 1765 etiam
1009 1721 1171 1764 dicitur
1187 1719 1491 1778 Ἐυχαριστία,
1517 1719 1634 1763 idest
1660 1721 1767 1764 bona
1796 1720 1953 1778 gratia,
1981 1717 2087 1777 quia

117 1791 262 1848 gratia
286 1790 371 1834 Dei
394 1791 488 1835 vita
513 1795 695 1842 aeterna,
714 1798 764 1833 ut
781 1788 944 1832 dicitur
961 1787 1097 1832 Rom.
1124 1785 1180 1841 6.;
1200 1787 1273 1831 vel
1295 1788 1399 1846 quia
1416 1786 1597 1831 realiter
1614 1786 1818 1830 continet
1835 1785 2089 1839 Christum,

119 1856 197 1915 qui
220 1866 291 1906 vest
309 1856 469 1916 plenus
496 1857 655 1915 gratia.
674 1856 853 1900 Dicitur
869 1856 1009 1900 etiam
1024 1855 1071 1898 in
1090 1869 1257 1914 graeco
1273 1856 1544 1915 μετάληψις,
1561 1854 1678 1898 idest
1696 1855 1939 1914 assumptio,
1967 1855 2087 1913 quia,

118 1932 166 1967 ut
194 1923 412 1969 Damasc.
438 1923 547 1968 dicit
572 1924 671 1982 (loc.
697 1931 786 1984 sup.
810 1923 917 1980 cit),
950 1939 973 1964 «
990 1936 1070 1982 per
1095 1923 1185 1966 hoc
1212 1921 1313 1965 Filii
1340 1922 1557 1966 deitatem
1585 1921 1919 1966 assumimus».

207 1990 285 2035 AD
306 2004 494 2036 PRIMUM
513 2005 623 2049 ergo
650 1990 910 2045 dicendum,
928 1990 1050 2049 quod
1068 1988 1183 2033 nihil
1200 1989 1424 2047 prohibet,
1451 1989 1574 2033 idem
1599 1988 1802 2048 pluribus
1827 1987 2090 2033 nominibus

117 2057 360 2115 nominari,
387 2058 639 2102 secundum
666 2057 869 2102 diversas
895 2057 1208 2117 proprietates,
1235 2055 1309 2101 vel
1335 2055 1537 2101 effectus.

208 2124 286 2169 AD
307 2137 568 2170 SECUNDUM
595 2125 859 2177 dicendum,
874 2124 997 2182 quod
1023 2124 1067 2166 id
1092 2125 1213 2182 quod
1241 2134 1309 2166 est
1336 2138 1584 2168 commune
1604 2124 1817 2168 omnibus
1835 2137 2092 2168 sacramen-

116 2191 469 2247 tis‚'attribuitur
494 2190 860 2237 antonomastice
881 2189 988 2234 huic
1015 2199 1201 2249 propter
1228 2190 1324 2248 ejus
1352 2189 1687 2234 excellentiam.

207 2259 284 2304 AD
318 2272 532 2305 TERTrUM
565 2258 825 2313 dicendum,
858 2258 979 2317 quod
1012 2258 1102 2302 hoc
1135 2267 1475 2301 sacramentum
1509 2257 1671 2301 dicitur
1702 2255 1994 2311 sacrificium,
2020 2256 2087 2300 in-

117 2336 339 2386 quantum
364 2336 671 2385 repraesentat
686 2326 833 2386 ipsam
861 2324 1123 2385 passionem
1142 2324 1336 2369 Christi:
1354 2324 1516 2368 dicitur
1535 2334 1689 2368 autem
1710 2324 1874 2378 hostia,
1900 2323 2089 2383 inquan-

117 2403 217 2453 tum
242 2394 447 2439 continet
468 2394 620 2454 ipsum
647 2393 899 2447 Christum,
926 2392 1004 2452 qui
1029 2402 1097 2436 est
1121 2392 1272 2436 hostia
1299 2390 1522 2446 salutaris,
1545 2401 1594 2436 ut
1619 2391 1782 2436 dicitur
1798 2390 1965 2451 Ephes.
1990 2404 2025 2449 5.

826 2569 1261 2628 ARTICULUS
1302 2570 1371 2624 v.
2000 2594 2090 2641 430

217 2705 410 2746 UTRUM
441 2706 764 2746 INSTITUTIO
806 2706 972 2760 HUJUS
1001 2706 1347 2746 SACRAMENTI
1381 2705 1580 2743 FUERIT
1615 2702 1982 2744 CONVENIENS.

418 2815 550 2875 (Infr.
577 2831 616 2876 q.
644 2829 710 2875 74.
738 2821 822 2860 art.
847 2828 890 2872 4.
924 2822 1039 2875 corp.
1067 2820 1105 2860 et
1130 2814 1184 2859 ad
1208 2830 1244 2859 1.
1270 2819 1306 2858 et
1332 2828 1369 2873 q.
1397 2814 1467 2859 80.
1495 2819 1578 2858 art.
1601 2816 1642 2858 8.
1671 2812 1725 2856 ad
1751 2827 1786 2857 1.

521 2888 560 2928 et
574 2895 616 2939 4.
633 2882 744 2927 Dist.
762 2884 802 2928 8.
821 2897 859 2941 q.
879 2898 912 2927 1.
932 2888 1014 2928 art.
1026 2897 1062 2941 3.
1081 2887 1117 2926 et
1133 2898 1168 2927 1.
1189 2881 1361 2926 Cor.11.
1380 2881 1467 2925 lect.
1485 2894 1528 2938 4.
1547 2886 1582 2924 et
1594 2880 1670 2939 5.).

211 2997 287 3042 AD
314 3007 542 3047 QUINTUM
558 2994 622 3039 sic
641 2994 913 3054 proceditur.
931 2993 1138 3048 Videtur,
1155 2993 1277 3052 quod
1294 3007 1389 3037 non
1405 2991 1539 3036 fuerit
1564 2988 1844 3034 conveniens
1861 2987 2084 3032 institutio

121 3065 258 3124 hujus
284 3061 580 3108 sacramenti:
607 3070 657 3106 ut
681 3062 803 3106 enim
829 3061 1142 3121 Philosophus
1165 3061 1274 3105 dicit
1305 3062 1351 3104 in
1378 3074 1419 3105 2.
1447 3060 1501 3103 de
1531 3058 1696 3102 Gener.
1724 3057 1827 3114 (tex.
1848 3056 1954 3114 5o.),
1985 3071 2009 3096 «
2032 3068 2086 3099 ex

122 3132 294 3176 eisdem
325 3130 564 3183 nutrimur,
590 3143 644 3173 ex
669 3129 830 3188 quibus
864 3143 1023 3173 sumus
1040 3145 1093 3174 »ε
1119 3129 1197 3172 sed
1224 3142 1304 3187 per
1328 3127 1621 3186 baptismum,
1649 3123 1726 3182 qui
1751 3132 1819 3166 est
1844 3120 2087 3180 spiritualis

120 3198 421 3258 regeneratio,
439 3196 688 3255 accipimus
707 3209 804 3240 esse
823 3194 1069 3255 spirituale,
1087 3206 1136 3239 ut
1151 3195 1346 3254 Dionys.
1370 3193 1479 3237 dicit
1498 3205 1536 3235 2.
1554 3205 1636 3249 cap
1656 3188 1829 3233 Eccles.
1845 3187 2086 3233 'Hierarch

113 3266 298 3327 (parum
323 3281 349 3311 a
368 3265 558 3326 princ.);
587 3277 699 3322 ergo
726 3276 806 3322 per
830 3263 1111 3322 baptismum
1129 3263 1267 3307 etiam
1290 3261 1538 3305 nutrimur:
1562 3271 1656 3301 non
1684 3271 1793 3315 ergo
1818 3255 1903 3299 fuit
1934 3268 2090 3299 neces-

122 3335 292 3379 sarium
317 3333 551 3378 instituere
578 3331 669 3375 hoc
697 3339 1052 3385 sacramentum,
1078 3330 1207 3389 quasi
1233 3327 1463 3388 spirituale
1490 3325 1833 3369 nutrimentum.

211 3414 252 3446 2.
283 3400 582 3446 PRAETER-EA.
616 3398 703 3442 Per
740 3397 830 3440 hoc
866 3406 1205 3441 sacramentum
1240 3395 1452 3439 homines
1487 3391 1673 3436 Christo
1710 3392 1940 3443 uniuntur,
1973 3389 2107 3449 sicutv

37 3455 46 3508 ἶ
122 3467 330 3513 membra
355 3467 516 3527 capiti:
541 3465 618 3510 sed
647 3464 859 3508 Christus
885 3472 952 3507 est
978 3473 1112 3523 caput
1137 3464 1347 3507 omnium
1372 3459 1631 3511 hominum,
1651 3457 1787 3501 etiam
1806 3457 1883 3515 qui
1907 3454 2090 3500 fuerunt

37 3531 39 3535 ’
105 3534 178 3579 aab
200 3534 329 3580 initio
356 3533 605 3587 mundi,‘ut
631 3545 765 3590 supra
791 3530 965 3574 dictum
991 3539 1061 3574 est
1084 3530 1145 3588 (q.
1172 3530 1236 3587 8.)
1249 3544 1265 3582 ‚·
1290 3541 1400 3587 ergo
1423 3539 1517 3570 non
1540 3524 1693 3569 debuit
1708 3522 1932 3568 institutio
1953 3522 2088 3581 hujus

36 3606 46 3631 ='
123 3602 398 3647 sacramenti
422 3600 592 3645 differri
618 3612 760 3658 usque
788 3597 843 3642 ad
871 3596 1084 3642 Coenam
1105 3595 1312 3641 Domini.

305 3702 339 3737 S.
369 3702 524 3739 Tuom
549 3701 682 3737 Summa
707 3699 910 3746 Theologiea.
935 3697 1017 3734 Vol.
1043 3697 1106 3734 Ν.
1865 3702 1905 3735 41
