2352 3926
308 245 416 316 738
802 256 1080 303 QUAEsrro
1119 256 1286 295 Lxxx.
1325 255 1636 296 ARTIcuLus
1674 256 1771 296 xit.

304 362 439 421 hujus
466 358 753 413 sacramenti,
776 359 815 403 si
835 357 1030 418 populus
1051 367 1204 402 sumat
1223 371 1387 418 corpus
1409 357 1509 403 sine
1525 357 1763 418 sanguine,
1779 327 2035 407 dummodo
2056 359 2272 406 sacerdos

306 443 580 475 consecrans
607 436 759 471 sumat
785 436 1042 484 utrumque.
2177 464 2179 467 Α

393 498 469 541 AD
503 507 718 539 TERTIUM
746 494 1005 547 dicendum,
1028 491 1149 553 quod
1177 493 1533 553 repraesentatio
1559 493 1839 539 Dominicae
1870 494 2096 554 passionis
2123 468 2272 555 agitur

302 565 348 608 in
365 564 463 622 ipsa
487 562 832 607 consecratione
854 561 988 618 hujus
1011 560 1300 614 sacramenti,
1317 560 1364 604 in
1382 575 1481 637 qua·
1487 575 1582 606 non
1599 561 1732 605 debet
1754 575 1919 620 corpus
1935 561 2034 606 sine
2051 562 2272 621 sanguine

305 631 591 675 consecrari:
618 639 770 688 potest
796 637 949 672 autem
988 642 1014 672 a
1049 627 1222 688 populo
1251 642 1416 687 corpus
1448 628 1546 672 sine
1579 628 1801 687 sanguine
1827 629 1973 684 sumi;
1998 643 2084 685 nec
2111 629 2272 674 exinde

303 698 505 756 sequitur
524 696 709 755 aliquod
727 696 1068 749 detrimentum,
1095 695 1201 754 quia
1227 695 1441 740 sacerdos
1467 695 1515 738 in
1541 709 1738 754 persona
1767 692 1977 740 omnium
2001 696 2271 756 sanguinem

304 764 450 817 offert,
484 773 528 807 et
559 763 722 818 sumit;
755 773 800 807 et
831 763 912 807 sub
946 773 1137 822 utraque
1173 765 1325 822 specie
1357 772 1479 807 totus
1514 762 1725 808 Christus
1758 763 2031 819 continetur,
2059 773 2107 808 ut
2137 777 2273 823 supra

303 832 511 877 habitum
539 840 605 875 est
628 830 688 890 (q.
717 830 787 890 76.
814 837 897 876 art.
924 829 1003 888 2.).

1167 996 1413 1004 ——-——

910 1152 1360 1231 QUAESTIO
1411 1151 1709 1213 LXXXI.

429 1312 511 1352 DE
542 1311 735 1362 MODO,
774 1310 898 1361 QUO
933 1307 1220 1350 CHRISTUS
1253 1308 1401 1349 USUS
1432 1307 1540 1348 EST
1571 1307 1695 1348 HOC
1726 1308 2146 1359 SACRAMENTO,

784 1400 849 1439 IN
882 1399 1171 1451 QUATUOR
1202 1397 1533 1439 ARTICULOS
1566 1397 1789 1442 DIVISA·

391 1571 570 1616 Deinde
599 1569 983 1615 considerandum
1016 1578 1083 1613 est
1114 1568 1169 1613 de
1202 1581 1286 1612 usu
1311 1567 1447 1627 hujus
1474 1566 1764 1622 sacramenti,
1796 1582 1888 1627 quo
1921 1566 2133 1614 Christus
2163 1582 2272 1613 usus

304 1649 372 1683 est
396 1639 442 1682 in
469 1638 616 1698 prima
642 1638 713 1682 sui
737 1637 1036 1682 institutione.

879 1751 938 1794 Et
969 1751 1082 1795 circa
1114 1749 1189 1794 hoc
1215 1754 1474 1808 quaeruntur
1499 1755 1694 1808 quatuor.

389 1841 563 1886 Primo.
590 1840 758 1884 Utrum
785 1839 996 1884 Christus
1023 1839 1270 1899 sumpserit
1295 1853 1430 1883 suum
1456 1853 1636 1898 corpus,
1664 1847 1710 1883 et
1733 1838 2020 1898 sanguinem.

393 1907 622 1953 Secundo.
651 1908 819 1952 Utrum
839 1907 982 1966 Judae
1009 1907 1195 1952 dederit.

395 1974 569 2020 Tertio.
600 1974 752 2027 Quale
779 1989 943 2034 corpus
970 1975 1227 2034 sumpserit,
1255 1984 1332 2019 aut
1357 1973 1546 2029 dederit,
1571 1983 1726 2018 utrum
1750 1972 1926 2018 scilicet
1947 1971 2177 2033 passibile,
2193 1973 2270 2019 vei

301 2045 366 2088 im
401 2042 595 2087 assibile.

370 2058 595 2163 pQuarto.
618 2109 875 2162 Quomodo
901 2125 952 2155 se
979 2110 1212 2155 habuisset
1238 2109 1448 2154 Christus
1475 2109 1556 2154 sub
1584 2109 1676 2154 hoc
1707 2118 2014 2164 sacramento,
2044 2108 2085 2155 si
2111 2107 2271 2155 fuisset

298 2193 346 2223 ln
372 2178 521 2224 triduo
550 2188 711 2222 mortis
737 2188 1034 2232 reservatum,
1063 2187 1140 2222 aut
1166 2187 1502 2223 consecratum.

1032 2357 1468 2416 ARTICULUS
1504 2358 1548 2413 1.
2179 2385 2269 2435 490

412 2495 606 2536 UTRUM
641 2495 908 2535 CHRISTUS
942 2495 1242 2534 SUMPSERIT
1277 2494 1426 2532 SUUM
1462 2493 1695 2544 CORPUS,
1726 2494 1798 2533 ET
1832 2493 2166 2536 SANGUINEM.

638 2606 772 2665 (Infr.
796 2621 834 2665 q.
861 2606 933 2663 84.
959 2612 1042 2651 art·
1071 2618 1109 2665 7.
1137 2605 1191 2650 ad
1216 2618 1256 2663 4.
1285 2611 1321 2650 et
1345 2618 1388 2663 4.
1411 2605 1522 2649 Dist.
1545 2620 1604 2650 H.
1632 2619 1670 2664 q.
1691 2620 1728 2665 3.
1755 2611 1835 2651 art.
1863 2604 1935 2665 r.).

386 2718 463 2764 An
489 2731 678 2764 PRIMUM
703 2718 768 2762 si'c
796 2718 1068 2777 proceditur.
1092 2717 1296 2772 Videtur,
1325 2718 1447 2777 quod
1476 2718 1686 2762 Christus
1713 2731 1807 2762 non
1834 2718 2079 2778 sumpserit
2100 2732 2266 2778 corpus

295 2799 446 2840 suum,
473 2796 518 2830 et
543 2786 836 2845 sanguinem:
865 2799 959 2829 non
984 2786 1107 2829 enim
1130 2786 1186 2829 de
1211 2785 1341 2830 factis
1370 2786 1557 2839 Christi,
1586 2796 1630 2830 et
1656 2786 1786 2830 dictis
1813 2788 1951 2831 asseri
1973 2786 2120 2841 debet,
2142 2787 2266 2847 quod

296 2853 566 2898 auctoritate
593 2867 748 2898 sacrae
783 2852 1043 2912 Scripturae
1075 2867 1169 2897 non
1201 2853 1415 2898 traditur:
1449 2853 1528 2897 sed
1561 2854 1607 2896 in
1640 2853 1902 2912 Evangeliis
1930 2866 2029 2899 non
2058 2853 2265 2908 habetur,

294 2921 418 2981 quod
447 2921 654 2967 Christus
682 2934 847 2980 corpus
868 2934 1005 2964 suum
1032 2920 1390 2974 manducaverit,
1415 2930 1491 2964 aut
1512 2921 1785 2980 sanguinem
1807 2934 1941 2966 suum
1967 2920 2149 2976 biberit3
2169 2934 2265 2966 non

294 3003 405 3048 ergo
434 2999 502 3034 est
523 2989 614 3033 hoc
642 2989 952 3033 asserendum.

385 3069 424 3100 2.
452 3056 752 3101 PRAETEREA.
779 3054 909 3100 Nihil
934 3064 1085 3114 potest
1111 3069 1208 3099 esse
1226 3055 1272 3098 in
1290 3057 1456 3115 seipso,
1473 3055 1559 3099 nisi
1578 3054 1695 3100 forte
1710 3054 1887 3100 ratione
1902 3055 2116 3115 partium,
2128 3065 2266 3116 prout

293 3123 468 3168 scilicet
494 3138 584 3168 una
610 3137 715 3182 pars
741 3123 837 3182 ejus
864 3132 932 3167 est
956 3123 1002 3166 in
1031 3121 1135 3175 alia,
1164 3131 1211 3166 ut
1236 3122 1428 3166 habetur
1454 3135 1495 3178 4.
1523 3123 1762 3183 Physicor.
1789 3122 1893 3181 (tex.
1916 3124 2010 3184 34).·
2041 3123 2122 3168 sed
2151 3121 2264 3168 illud
2334 3151 2336 3154 >

292 3191 415 3250 quod
442 3191 757 3245 manducatur,
777 3199 822 3235 et
846 3189 1025 3244 bibitur,
1045 3198 1113 3234 est
1137 3191 1183 3233 in
1210 3190 1530 3244 manducante,
1558 3200 1603 3235 et
1626 3190 1829 3235 bibente:
1851 3203 1961 3235 cum
1984 3190 2123 3251 igitur
2138 3200 2264 3236 ¹totus

292 3258 502 3302 Christus
529 3259 586 3303 sit
612 3258 692 3302 sub
721 3268 911 3317 utraque
937 3257 1089 3317 specie
1113 3258 1406 3312 sacramenti,
1434 3257 1611 3302 videtur
1643 3256 1924 3318 impossibile
1954 3256 2109 3313 fuisse,
2138 3258 2262 3319 quod

289 3325 385 3384 ipse
409 3327 652 3385 sumpserit
678 3325 769 3370 hoc
797 3334 1153 3370 sacramentum.

385 3407 421 3451 3.
450 3393 749 3438 PRAETEREA.
783 3392 954 3453 Duplex
981 3402 1048 3437 est
1072 3391 1271 3451 sumptio
1299 3391 1433 3450 hujus
1457 3392 1746 3447 sacramenti,
1763 3391 1938 3437 scilicet
1954 3393 2200 3454 spiritualis,
2218 3399 2264 3439 et

290 3461 630 3506 sacramentalis:
659 3460 739 3505 sed
765 3459 1011 3520 spiritualis
1031 3473 1126 3504 non
1148 3460 1439 3518 competebat
1456 3459 1659 3514 Christo,
1677 3461 1783 3519 quia
1798 3458 1914 3504 nihil
1929 3468 2261 3506 a-sacratnento

292 3528 496 3587 accepit;
523 3538 569 3574 et
593 3542 672 3588 per
698 3542 986 3588 consequens
1011 3541 1098 3572 nec
1124 3526 1484 3585 sacramentalis,
1502 3541 1618 3587 quae
1641 3527 1739 3572 sine
1762 3525 1984 3587 spirituaii
2008 3537 2076 3573 est
2098 3527 2263 3588 imper-

291 3593 424 3649 fecta,
451 3606 500 3640 ut
524 3609 659 3655 supra
684 3595 893 3640 habitum
920 3604 987 3641 est
1011 3594 1074 3657 (q.
1092 3602 1235 3655 praec.
1257 3600 1339 3639 art.
1366 3593 1425 3653 r.)
1437 3609 1453 3647 ;
1479 3608 1589 3657 ergo
1619 3594 1827 3641 Christus
1852 3593 1980 3640 nullo
2003 3593 2146 3640 modo
2167 3593 2259 3642 hoc
2320 3608 2322 3654 j

292 3672 631 3710 sacramentum
658 3662 864 3722 sumpsit.

2333 3028 2343 3035 ⁶
2338 2971 2345 2977 ²
2340 2951 2347 2957 ·”
2333 2541 2352 2942 risffssxmimumffifflQa-sw
